1894 3403
918 273 970 323 56

201 402 256 439 de
270 401 569 450 pulchritudine
587 402 762 438 duarum
783 400 1025 441 feminarum
1046 414 1071 439 a
1088 390 1187 439 Ioue
1208 406 1490 451 corruptarum
1508 402 1682 439 deorum

201 467 346 517 aliquis
377 488 432 494 —
462 468 505 505 id
535 467 644 505 enim
674 467 716 504 in
747 468 848 505 libro
880 467 899 504 I
935 468 1110 505 maxime
1148 472 1212 505 est
1247 467 1464 505 uerisimile
1498 489 1543 494 —
1579 467 1683 506 haec

200 534 380 585 loquitur

870 608 914 641 ut
947 605 1199 642 contendere
1230 616 1398 654 possem

401 670 655 709 Thestiados
684 671 829 710 Ledae
861 677 984 722 atque
1016 672 1195 711 Ixionies
1225 672 1427 711 alochoeo

201 739 336 776 eidem
363 739 539 788 Apollini
568 739 792 778 tribuamus
824 740 1028 778 recusanti
1057 740 1211 790 pulchri
1242 752 1486 790 cognomen.

198 807 397 857 Apollinis
441 807 520 845 ista
555 808 611 845 de
647 808 821 846 deorum
850 809 1161 858 cognominibus
1193 809 1395 859 expositio
1437 821 1520 860 quo
1557 810 1682 847 modo

199 876 254 912 ad
285 875 390 924 Lupi
417 875 624 913 interitum
654 876 861 925 pertineat
897 876 1077 925 profiteri
1116 877 1257 914 melius
1289 883 1352 915 est
1382 877 1530 915 nesciri
1561 890 1684 927 quam

197 942 314 979 uanis
352 941 687 980 hariolationibus
723 943 942 981 molestum
984 943 1068 981 fieri
1110 944 1272 993 legenti.
1332 944 1530 994 Apollinis
1565 944 1685 993 igitur

198 1009 407 1046 sententia
451 1009 505 1045 de
535 1009 640 1059 Lupi
680 1010 847 1047 interitu
891 1022 999 1060 quae
1038 1011 1157 1048 fuerit
1198 1011 1321 1060 plane
1365 1011 1564 1049 incertum
1608 1017 1683 1056 est,

199 1075 276 1113 nisi
311 1075 416 1114 forte
447 1073 525 1116 τὸν
556 1074 819 1118 λυκοκτόνον
851 1075 953 1118 θεόν
984 1079 1124 1129 Lupos
1155 1091 1299 1117 omnes
1329 1079 1568 1129 perdendos
1591 1090 1685 1117 cen-

200 1144 330 1182 suisse
376 1144 556 1183 coniciat
605 1145 827 1195 quispiam:
887 1152 999 1184 certe
1013 1175 1025 1180 v.
1052 1147 1093 1184 in
1145 1147 1254 1185 istud
1300 1146 1477 1185 Cornelii
1521 1147 1686 1184 Lentuli

199 1225 408 1262 agnomen
454 1211 581 1265 (cons.
613 1214 857 1265 Marquardt
888 1216 1036 1254 Roem.
1065 1215 1236 1253 Alterth.
1270 1215 1307 1251 V
1344 1226 1357 1251 1
1394 1227 1432 1264 p.
1462 1224 1507 1263 17
1540 1219 1583 1251 et
1617 1212 1685 1263 18)

198 1280 351 1330 aliquid
381 1281 525 1319 lusisse
554 1282 731 1320 Lucilius
762 1283 971 1332 putandus
1004 1289 1080 1328 est,
1114 1283 1297 1321 similiter
1326 1287 1451 1331 atque
1479 1281 1579 1320 Hor.
1609 1285 1684 1318 sat.

199 1347 217 1384 1
250 1357 287 1397 7,
319 1358 399 1396 33:
432 1345 534 1386 ‘Per
562 1361 750 1398 magnos,
777 1350 916 1394 Brute,
948 1351 1053 1388 deos
1085 1356 1124 1387 te
1156 1349 1254 1395 Oro,
1290 1350 1357 1399 qui
1387 1360 1506 1398 reges
1538 1359 1686 1386 consu-

200 1414 278 1452 eris
311 1415 467 1461 tollere,
499 1428 571 1454 cur
597 1429 682 1455 non
707 1417 829 1455 Hunc
846 1418 1006 1468 Regem
1037 1414 1231 1466 iugulas?
1263 1416 1446 1467 Operum
1463 1416 1554 1462 hoc,
1588 1416 1686 1453 mihi

203 1482 341 1528 crede,
374 1488 537 1521 tuorum
569 1481 664 1525 est’.

200 1548 287 1586 Iam
321 1551 573 1589 accedamus
603 1552 659 1589 ad
699 1552 802 1589 alius
834 1552 902 1589 dei
935 1552 1166 1590 orationem
1195 1563 1264 1591 uu,
1298 1561 1322 1600 5
1354 1563 1466 1602 sqq.:

315 1616 476 1655 Uellem
504 1619 679 1658 concilio
711 1625 906 1667 uestrum,
939 1621 1051 1669 quod
1082 1619 1216 1658 dicitis
1246 1619 1343 1657 olim

317 1685 542 1723 caelicolae
574 1683 762 1737 [factum,
795 1684 967 1737 uellem]
1002 1687 1266 1724 adfuissemu'
1297 1687 1430 1736 priore

317 1751 505 1791 concilio.

201 1820 427 1858 tribuerunt
456 1821 641 1871 plerique
670 1822 772 1872 Ioui,
810 1818 963 1860 ‘minus
994 1823 1101 1860 bene
1147 1834 1240 1860 cum
1276 1822 1343 1859 uix
1380 1834 1561 1871 unquam
1590 1833 1684 1859 con-

199 1887 288 1923 cilia
318 1888 492 1925 deorum
537 1900 635 1938 rege
678 1889 854 1926 absente
897 1889 1038 1926 habita
1074 1894 1355 1926 memorentur
1370 1885 1394 1933 ³,
1440 1894 1487 1926 ut
1515 1888 1686 1926 Mueller

198 1962 313 1994 recte
345 1956 531 1996 adnotat.
594 1956 764 2006 Semper
794 1958 907 2006 apud
931 1957 1157 1994 Homerum
1192 1957 1362 1994 domum
1392 1956 1502 1994 Iouis
1533 1968 1685 1993 conue-

201 2023 319 2060 niunt
364 2023 615 2061 immortales
662 2024 718 2061 ad
762 2023 1095 2061 deliberandum:
1140 2021 1174 2062 Α
1203 2033 1284 2072 495
1317 2020 1360 2062 Δ
1398 2034 1412 2060 1
1453 2020 1488 2062 Θ
1520 2032 1543 2070 3
1578 2019 1615 2060 Υ
1646 2021 1684 2061 6.

201 2102 228 2130 α
262 2090 313 2128 26
345 2102 365 2131 ε
397 2101 436 2140 3.
495 2090 665 2130 Homeri
696 2092 931 2142 exemplum
961 2104 1052 2131 cum
1083 2097 1209 2142 poeta
1241 2091 1330 2130 sine
1361 2090 1488 2129 dubio
1520 2094 1685 2129 secutus

200 2160 265 2203 sit,
298 2160 382 2196 ueri
424 2159 670 2197 simillimum
701 2166 764 2197 est
795 2160 960 2197 finxisse
1003 2173 1095 2197 eum
1131 2161 1230 2197 illud
1269 2157 1422 2209 prius1)
1468 2158 1686 2197 concilium

200 2226 255 2263 ad
286 2225 494 2275 exemplar
512 2225 723 2276 Odysseas
755 2227 844 2264 libri
873 2227 906 2271 I,
936 2227 1004 2265 ubi
1034 2228 1143 2265 solus
1172 2226 1294 2264 abest
1324 2225 1554 2275 Neptunus,
1586 2225 1686 2262 dum

197 2294 239 2330 in
273 2292 496 2342 Aethiopia
525 2299 707 2332 moratur
735 2294 876 2343 procul
909 2292 1085 2345 Olympo
1118 2306 1156 2334 u.
1191 2293 1242 2332 26

311 2357 398 2400 ἔνθ’
431 2357 507 2408 ὅγε
539 2359 722 2410 τέρπετο
754 2360 865 2401 δαιτὶ
895 2359 1163 2412 παρήμενος·
1195 2359 1235 2401 οἱ
1267 2359 1314 2401 δὲ
1345 2358 1397 2409 δὴ
1429 2357 1553 2400 ἄλλοι

312 2424 459 2478 Ζηνὸς
491 2426 553 2469 ἐνὶ
585 2426 837 2479 μεγάροισιν
868 2426 1100 2479 Ὀλυμπίου
1133 2425 1286 2479 ἀθρόοι
1315 2426 1440 2478 ἦσαν.

338 2599 362 2641 ¹)
389 2601 507 2632 Recte
533 2600 614 2632 Van
640 2600 791 2632 Heusde
827 2600 919 2634 stud.
954 2600 1029 2632 crit.
1061 2600 1098 2632 in
1121 2599 1236 2632 Lucil.
1274 2610 1307 2642 p.
1339 2599 1405 2639 164
1440 2598 1484 2631 ad
1509 2598 1642 2631 librum
1667 2599 1685 2629 I

199 2659 335 2692 rettulit
359 2659 426 2693 inc.
454 2670 487 2691 u.
512 2659 602 2700 1163
628 2660 659 2691 L
682 2666 748 2701 150
766 2660 821 2692 M:
850 2659 1024 2692 ‘Concilio
1050 2659 1193 2702 antiquo
1211 2658 1350 2702 sapiens
1369 2658 1423 2690 uir
1445 2657 1537 2689 solu'
1564 2655 1685 2696 fuisti’,

198 2718 260 2751 ubi
286 2719 432 2752 Seruius
458 2720 605 2751 anticus
645 2719 797 2763 explicet
828 2721 948 2762 prior,
987 2721 1054 2763 qui
1077 2719 1273 2762 praecedit
1296 2729 1387 2758 eum,
1419 2719 1485 2761 qui
1503 2722 1685 2760 praesens

202 2784 265 2810 est.
317 2778 389 2811 Sed
414 2777 507 2810 male
540 2789 605 2821 pro
631 2780 693 2811 uir
722 2778 842 2821 posuit
874 2780 940 2811 uix
965 2789 1036 2810 non
1060 2778 1286 2810 considerans
1314 2782 1350 2809 et
1372 2777 1467 2820 apud
1491 2776 1685 2809 Lucianum

198 2839 275 2870 Iou.
303 2842 390 2879 trag.
421 2844 462 2880 15
497 2837 620 2869 Iouem
653 2837 743 2870 deos
776 2836 911 2881 alloqui
946 2837 1080 2881 ἄνδρες
1106 2836 1187 2872 θεοί
1219 2841 1253 2869 et
1286 2836 1381 2880 apud
1407 2835 1579 2869 Senecam
1606 2845 1686 2878 apo-

197 2896 307 2929 coloc.
333 2904 354 2936 9
378 2897 504 2928 Ianum
529 2901 665 2939 patrem
692 2897 761 2929 dici
786 2897 964 2930 hominem
989 2896 1214 2941 quantumuis
1240 2896 1389 2930 uafrum.
