1894 3403
982 234 1029 271 51
1708 221 1726 233 ‘

274 352 497 402 exspz'rauit
536 363 681 389 uocem
725 348 867 400 (codd.
911 348 1092 399 expiauit
1136 359 1239 385 corr.
1279 343 1501 395 Columna)
1551 357 1641 384 raro
1688 345 1748 383 sic

275 426 509 471 usurpatam
538 420 707 459 illustret
736 430 878 457 uersus
908 417 1084 456 Lucretii
1114 416 1155 454 II
1186 425 1268 464 354

387 489 594 538 sanguinis
625 488 815 537 expirans
847 486 1023 523 calidum
1054 486 1107 522 de
1137 489 1303 533 pectore
1334 483 1499 521 flumen.

408 723 491 763 Ine.
521 737 559 764 u.
597 722 695 761 1181
731 724 743 761 l
773 723 806 760 L
833 734 884 771 43
915 723 958 760 M
990 723 1165 760 debetur
1194 721 1365 759 Dousae
1398 721 1454 758 sic
1483 720 1747 758 constitutus:

1217 789 1408 826 lactentia
1438 787 1527 825 Coa

388 859 493 897 clam
521 871 612 897 cum
645 859 766 897 melle
796 858 878 896 bibi

277 925 412 976 Caper
440 925 517 963 VII
545 939 583 975 p.
611 925 665 975 98
695 921 809 976 Keil)
846 925 950 963 haec
976 925 1121 963 tradit:
1173 923 1235 972 (M
1263 924 1353 963 cod.
1385 922 1641 972 Montepess.
1676 920 1745 958 BC

277 995 397 1033 codd.
429 993 660 1031 Beruenses
691 1003 716 1041 ς
747 994 862 1032 editt.
894 990 1076 1042 ueteres)

326 1096 365 1126 M
402 1066 538 1134 lacteiis
565 1093 626 1136 qui
651 1093 744 1125 lacte
772 1092 878 1125 alitur
904 1097 939 1125 et
964 1091 1099 1124 lactans
1126 1091 1186 1134 qui
1210 1091 1338 1134 decipit
1363 1090 1498 1123 lactens
1524 1091 1615 1123 lacte
1642 1091 1750 1122 abun-

280 1154 366 1186 dans
393 1159 430 1186 ut
454 1153 625 1185 lactentes
653 1153 739 1195 ficus
763 1152 923 1184 Lucilius
950 1151 1115 1184 lactentia
1149 1151 1299 1192 coagula
1325 1161 1402 1182 cum
1427 1150 1534 1182 melle
1559 1150 1635 1182 bibi

328 1224 351 1253 ς
375 1213 511 1244 lacteus
545 1212 604 1254 qui
629 1212 720 1243 lacte
747 1212 850 1243 alitur
875 1211 1010 1243 lactans
1039 1210 1100 1253 qui
1125 1210 1255 1252 decipit
1285 1209 1419 1241 lactans
1437 1210 1498 1252 qui
1523 1209 1615 1241 lacte
1643 1209 1750 1240 abun-

280 1272 341 1303 dat
366 1276 405 1302 ut
429 1271 592 1303 lactantis
618 1270 705 1301 fieus
737 1270 897 1301 Lucilius
924 1268 1091 1301 lactantia
1117 1268 1236 1300 coacla
1264 1278 1342 1300 cum
1367 1267 1474 1299 melle
1498 1268 1574 1299 bibi

328 1331 356 1362 C
388 1329 525 1362 lactens
544 1333 598 1361 est
614 1329 675 1371 qui
691 1329 783 1361 lacte
810 1328 913 1360 alitur
937 1328 1072 1359 laetans
1099 1327 1160 1369 qui
1186 1326 1316 1369 decipit
1339 1326 1474 1358 lacteus
1500 1326 1592 1359 lacte
1616 1327 1751 1359 habun-

281 1425 367 1457 dans
393 1425 493 1456 uelut
517 1396 688 1456 lactentgs
713 1395 798 1455 ficgs
824 1422 983 1454 Lucilius
1010 1423 1071 1455 dic*
1093 1421 1260 1454 lactentia
1285 1421 1435 1462 coagula
1461 1431 1539 1452 cum
1564 1420 1671 1452 melle

328 1484 358 1515 B
399 1483 536 1515 lactens
552 1487 605 1515 est
623 1482 682 1525 qui
698 1482 790 1515 lacte
809 1482 912 1514 alitur
937 1482 1072 1514 lactans
1098 1481 1159 1525 qui
1185 1479 1317 1522 decipit
1340 1479 1473 1511 lacteus
1499 1478 1591 1511 lacte
1616 1478 1751 1511 habun-

281 1543 369 1575 dans
395 1543 494 1574 uelut
519 1542 711 1574 lactenteas
736 1542 822 1574 ficus
853 1542 1010 1574 Lucilius
1038 1542 1122 1573 dicit
1146 1540 1331 1572 Lactentia
1356 1539 1503 1579 coagula
1528 1549 1606 1570 cum
1631 1539 1739 1570 melle

281 1609 344 1645 Ex
374 1608 451 1645 hoc
481 1608 625 1644 ordine
666 1613 837 1656 apparet
875 1608 1022 1656 duplici
1069 1618 1146 1644 nos
1188 1606 1246 1642 uti
1286 1605 1534 1642 traditione:
1581 1604 1751 1640 alteram

282 1676 447 1713 exhibet
466 1675 509 1714 M
540 1676 651 1713 unde
678 1675 807 1713 editio
828 1681 946 1713 uetus
977 1676 1107 1712 minus
1130 1674 1344 1722 diligenter
1361 1672 1551 1716 deducta,
1581 1671 1751 1709 alteram

282 1743 315 1781 C
344 1745 456 1781 unde
479 1742 510 1780 B
543 1748 685 1792 aperte
715 1744 883 1792 pendet,
929 1743 996 1792 qui
1026 1743 1127 1779 illius
1159 1746 1409 1778 correcturas
1439 1740 1561 1776 falsas
1593 1745 1750 1776 temere

281 1811 555 1861 descripserit.
602 1810 856 1861 Archetypus
886 1810 990 1849 haec
1019 1810 1263 1860 praebuerat
1293 1820 1385 1846 mea
1417 1807 1636 1846 sententia:

398 1880 554 1917 lactens
572 1885 636 1916 est
654 1879 722 1928 qui
739 1879 844 1916 lacte
864 1879 980 1916 alitur
996 1879 1153 1916 lactans
1185 1877 1251 1926 qui
1281 1876 1431 1925 decipit
1461 1876 1616 1912 lactens
1647 1875 1752 1912 lacte

394 1948 606 1986 abundans
632 1949 741 1986 uelut
773 1947 974 1986 lactentes
1006 1947 1105 1985 ficos
1131 1946 1303 1984 Lucilius
1335 1944 1445 1994 dicit,
1477 1942 1667 1981 lactentia

393 2017 564 2066 coagula
594 2028 683 2053 cum
711 2016 832 2053 melle
862 2016 944 2053 bibi
977 2046 983 2053 .
1019 2046 1026 2054 .
1058 2044 1065 2052 .

394 2084 484 2122 Alia
514 2083 606 2121 Keil
638 2084 660 2120 l.
692 2084 716 2121 l.
748 2083 910 2120 molitur
931 2079 973 2132 ¹).

283 2152 403 2189 Patet
432 2152 561 2189 coacla
597 2156 639 2187 et
675 2151 826 2187 lactans
865 2151 939 2199 qui
979 2151 1076 2186 lacte
1122 2148 1297 2185 abundat
1339 2152 1406 2183 aut
1453 2151 1642 2196 corrupta
1682 2152 1754 2183 aut

419 2334 443 2375 ¹)
469 2334 556 2366 Keil
593 2334 703 2366 uerba
741 2336 912 2366 lactentes
942 2334 1042 2376 ficus
1082 2336 1261 2374 comparat
1295 2341 1374 2362 cum
1399 2329 1503 2362 Ennii
1528 2340 1634 2362 uersu
1670 2329 1758 2373 ‘fici

283 2392 475 2425 dulciferae
507 2395 684 2426 lactantes
718 2393 827 2425 ubere
862 2391 950 2424 toto'
994 2402 1048 2434 ap.
1082 2390 1216 2422 Charis.
1249 2391 1266 2421 Ι
1298 2400 1331 2432 p.
1364 2388 1440 2431 128,
1467 2396 1507 2429 31
1553 2388 1682 2429 (annal.
1719 2400 1753 2420 u.

285 2460 325 2494 71
354 2452 432 2494 V.):
460 2452 523 2485 sed
549 2454 727 2486 lactantes
751 2452 802 2485 ibi
827 2451 968 2494 legitur,
994 2450 1052 2483 hic
1079 2453 1198 2493 aperte
1226 2450 1409 2486 lactentes,
1436 2457 1552 2490 neque
1570 2447 1663 2480 enim
1683 2448 1754 2480 edi-

283 2512 414 2544 tionum
448 2512 638 2545 le‘ctionem
662 2513 769 2545 ullius
803 2512 908 2555 pretii
936 2522 1014 2544 esse
1044 2510 1111 2542 hoc
1140 2510 1221 2542 loco
1254 2513 1351 2552 puto.
1401 2508 1511 2551 Apud
1537 2507 1644 2540 Ouid.
1677 2508 1755 2540 fast.

283 2572 320 2604 ΙΙ
339 2574 406 2613 263
435 2570 533 2604 ‘dum
559 2572 693 2604 lactens
718 2572 879 2604 haerebit
901 2571 937 2602 in
965 2570 1091 2603 arbore
1117 2568 1223 2601 ficus’
1248 2568 1284 2600 in
1309 2568 1420 2600 uerbo
1447 2569 1586 2599 lactens
1612 2567 1755 2599 codices

283 2630 461 2664 fluctuant.

416 2691 572 2723 Possunt
598 2691 738 2735 quidem
762 2691 849 2723 ficus
865 2690 934 2722 dici
960 2694 994 2722 et
1012 2691 1184 2722 lactentes
1200 2693 1235 2720 et
1255 2689 1450 2720 lactantes:
1479 2686 1542 2718 sed
1570 2685 1662 2717 illud
1687 2694 1757 2716 non

283 2750 427 2783 uidetur
451 2750 518 2782 nisi
543 2751 587 2783 ad
611 2750 666 2783 lac
691 2750 826 2783 ficubus
854 2749 1032 2793 proprium
1058 2748 1228 2790 (Macrob.
1256 2747 1312 2779 ΙΙΙ
1331 2754 1389 2790 20,
1418 2747 1449 2788 5)
1475 2744 1662 2789 pertinere,
1687 2743 1757 2775 hoc

285 2809 389 2841 simul
415 2809 500 2841 ficus
526 2820 603 2841 cum
629 2810 798 2842 uberibus
825 2809 985 2841 lactantis
1008 2797 1163 2839 *feminae
1189 2807 1304 2848 (Lucr.
1331 2807 1366 2838 V
1394 2805 1475 2848 885)
1513 2809 1758 2846 comparantur

285 2872 323 2900 ut
347 2867 382 2900 in
407 2867 515 2900 Ennii
538 2868 602 2901 illo
626 2879 739 2902 uersu.
