1894 3403
947 286 967 315 2

213 404 435 441 illustratur
460 403 527 441 hic
557 403 703 441 Lucilii
732 416 771 441 u.
804 401 1082 451 descriptione
1105 400 1271 441 Tatiani
1297 401 1393 442 adu.
1417 401 1486 442 Gr.
1506 413 1595 452 cap.
1619 411 1691 441 22:

213 469 521 522 ῥιναυλοῦσι
550 469 604 511 τὰ
631 468 801 521 αἰσχρὰ,
831 469 1047 510 κινοῦνται
1069 468 1117 510 δὲ
1147 467 1338 519 κινήσεις
1369 466 1423 519 ἃς
1453 467 1543 510 οὐκ.
1561 468 1693 520 ἐχρῆν

211 537 280 579 καὶ
309 537 412 589 τοὺς
444 535 568 588 ὅπως
599 537 666 578 δεῖ
696 534 910 588 μοιχεύειν
941 534 1011 577 ἐπὶ
1040 537 1119 587 τῆς
1149 535 1314 586 σκηνῆς
1344 534 1693 587 σοφιστεύοντας

212 604 254 647 αἱ
285 605 516 657 θυγατέρες
545 602 668 656 ἡμῶν
703 603 772 646 καὶ
802 602 843 646 οἱ
882 605 1036 655 παῖδες
1067 605 1307 656 θεωροῦσιν
1349 611 1392 643 et
1419 604 1547 645 Clem.
1578 606 1692 645 Alex.

210 676 387 725 paedag.
415 675 473 713 III
501 686 541 725 4,
575 685 646 723 29:
696 672 1034 724 παρεισρέουσιν
1071 673 1119 714 δὲ
1162 670 1290 713 ἔνδον
1327 670 1530 713 κιναίδων
1570 669 1693 723 ὄχλοι

211 776 218 784 .
236 775 244 782 .
262 775 270 783 .
286 740 477 793 μοιχείας
508 739 711 793 διάκονοι,
744 740 1004 793 κιχλίζοντες
1026 740 1096 782 καὶ
1116 739 1413 792 ψιθυρίζοντες
1429 739 1499 782 καὶ
1518 739 1569 782 τὸ
1589 753 1693 792 πορ-

209 809 329 852 νικὸν
347 807 505 860 ἀνέδην
526 806 588 860 εἰς
609 807 842 858 ἀσέλγειαν
872 808 955 850 διὰ
986 807 1148 860 ῥινῶν
1169 807 1563 860 ἑπιψοφοῦντες
1593 807 1693 849 ἐπι-

210 876 527 929 κιναίδισμα,
559 875 823 929 ἀκολάστοις
854 876 1019 929 ῥήμασι
1040 877 1109 919 καὶ
1125 876 1316 930 σχήμασι
1346 877 1515 930 τέρπειν
1543 877 1695 929 πειρώ-

210 958 329 996 μενοι
359 944 428 986 καὶ
458 943 520 996 εἰς
550 944 721 995 γέλωτα
739 945 1046 997 ἐκκαλούμενοι
1065 945 1272 997 πορνείας
1295 945 1567 997 πρόδρομον·
1599 944 1692 987 ἔστι

210 1010 247 1054 δ’
276 1011 350 1055 ὅτε
381 1013 451 1054 καὶ
481 1012 811 1065 ὑπεκκαιόμενοι
828 1014 898 1056 διὰ
915 1014 993 1065 τὴν
1009 1015 1228 1065 τυχοῦσαν
1250 1012 1384 1065 ὀργὴν
1413 1012 1507 1064 ἤτοι
1538 1013 1692 1066 πόρνοι

210 1079 334 1121 αὐτοὶ
369 1080 394 1131 ἢ
434 1081 504 1122 καὶ
548 1082 750 1123 κιναίδων
790 1080 924 1133 ὄχλον
963 1080 1023 1132 εἰς
1070 1080 1252 1134 ὄλεθρον
1285 1081 1550 1133 ἑξηλωκότες
1593 1081 1693 1123 ἑπι-

208 1150 464 1199 κροτοῦσι
504 1151 561 1203 τῇ
611 1147 719 1200 ῥινὶ
768 1148 1045 1200 βατράχων
1089 1148 1236 1200 δίκην
1283 1147 1479 1200 καθάπερ
1523 1147 1692 1190 ἔνοικον

206 1217 302 1267 τοῖς
346 1218 554 1267 μυκτῆρσι
591 1217 670 1267 τὴν
709 1217 845 1269 χολὴν
890 1214 1150 1268 κεκτημένοι.
1223 1219 1364 1257 Ranas
1403 1219 1444 1256 in
1487 1224 1593 1256 terra
1629 1230 1692 1256 se—

172 1329 175 1335 ·
209 1286 359 1324 dentes
400 1287 595 1324 continuo
634 1291 823 1324 aestuare
862 1292 907 1324 ut
947 1288 1082 1337 pisces
1127 1287 1284 1325 eiectos
1326 1298 1450 1324 nemo
1494 1299 1578 1325 non
1620 1287 1691 1324 ob·

208 1355 403 1392 seruauit.

344 1626 468 1664 Libro
499 1625 595 1663 VIII
626 1637 664 1665 u.
701 1636 776 1675 271
809 1626 842 1663 L
877 1636 897 1675 7
930 1626 974 1664 M
1013 1639 1156 1665 uersus
1196 1628 1514 1666 obscenissimus
1546 1629 1690 1678 triplici

209 1694 339 1731 forma
371 1695 542 1731 traditus
574 1699 663 1743 est3
695 1706 816 1743 quem
849 1693 1071 1744 Porphyrio
1102 1695 1269 1744 quidem
1299 1696 1469 1745 praebet
1498 1696 1642 1735 talem:

322 1774 347 1798 a
377 1761 493 1798 laeua
522 1761 708 1799 lacrimas
737 1762 914 1799 muttoni
945 1762 1204 1813 abstergeret
1236 1763 1367 1801 amica

208 1830 383 1867 Acronis
426 1830 562 1866 codex
595 1829 802 1866 Parisinus
829 1841 857 1877 γ
885 1829 1094 1868 Hauthalii
1123 1830 1297 1880 praebet
1328 1831 1457 1876 laeua,
1500 1830 1688 1869 Guelfer-

205 1898 391 1936 bitanus:

321 1966 426 2003 laeso
456 1966 533 2003 iam
563 1966 751 2004 lacrimas
781 1966 959 2003 muttoni
989 1966 1201 2017 absterget
1231 1966 1362 2004 amica

207 2039 509 2072 commentator
538 2034 716 2084 denique
747 2032 1006 2083 Cruquianus
1036 2034 1162 2072 habet

322 2103 413 2140 lena
441 2113 561 2139 manu
591 2102 777 2140 lacrimas
802 2103 979 2139 muttoni
1007 2103 1217 2152 absterget
1248 2103 1392 2143 amica.

340 2171 474 2209 Recte
504 2176 549 2208 ut
579 2171 777 2221 eligamus
816 2158 928 2208 inter
953 2170 1027 2209 has
1073 2176 1155 2208 tres
1197 2172 1431 2221 scripturas,
1474 2172 1688 2222 plurimum

206 2238 319 2276 ualet
348 2244 462 2276 recta
499 2238 627 2276 totius
672 2237 890 2288 fragmenti
924 2238 1222 2287 interpretatio,
1267 2239 1323 2277 ad
1368 2250 1492 2289 quam
1533 2239 1688 2289 aliquid

207 2307 352 2345 afferre
381 2318 506 2356 posse
536 2305 634 2344 mihi
664 2305 822 2345 uideor.
882 2304 1032 2356 Turpis
1061 2307 1103 2343 ni
1134 2305 1251 2344 fallor
1288 2306 1502 2345 translatio
1533 2306 1577 2345 fit
1607 2306 1687 2346 hoc

207 2387 343 2419 uersu,
373 2375 490 2424 penis
519 2374 685 2424 plorans
715 2374 956 2412 foedissimo
985 2385 1107 2412 sensu
1137 2374 1343 2413 inducitur
1371 2386 1397 2412 a
1417 2379 1545 2424 poeta
1571 2375 1688 2425 quasi

206 2444 343 2494 homo,
390 2449 436 2480 ut
464 2442 663 2480 Horatius
707 2455 757 2480 eo
785 2442 891 2487 loco,
937 2442 994 2480 ad
1024 2453 1147 2491 quem
1191 2442 1484 2492 explicandum
1525 2447 1688 2482 ueteres

206 2511 315 2547 hunc
344 2511 488 2547 Lucilii
518 2523 683 2547 uersum
716 2522 949 2560 apposuere
980 2509 1075 2556 (sat.
1106 2509 1125 2546 Ι
1158 2520 1195 2555 2,
1226 2509 1317 2557 68):

319 2577 426 2615 Huic
451 2578 485 2615 si
514 2577 710 2615 muttonis
739 2577 876 2615 uerbis
908 2577 1017 2614 mala
1047 2582 1163 2614 tanta
1190 2577 1370 2615 uidentis

318 2642 488 2682 Diceret
517 2643 622 2682 haec
652 2644 812 2682 animus
843 2655 879 2684 e.
911 2654 950 2693 q.
983 2654 1014 2683 S.

207 2709 353 2760 Neque
381 2710 526 2748 melius
556 2711 636 2749 hoc
672 2711 844 2749 uerbum
874 2706 1098 2749 ‘lacrimas'
1135 2710 1334 2747 illustrare
1363 2720 1532 2759 possum
1564 2721 1688 2759 quam

207 2778 343 2816 uerbis
374 2778 508 2817 Boetii
540 2779 594 2817 de
626 2778 871 2817 diffinitione
902 2775 1063 2831 (Migne
1093 2778 1238 2829 patrol.
1271 2777 1351 2817 uol.
1383 2776 1437 2826 64
1466 2790 1506 2828 p.
1529 2787 1612 2827 904
1628 2773 1687 2830 D)

205 2845 359 2884 allatis:
390 2841 561 2896 ‘Turpis
592 2846 804 2886 translatio
830 2846 875 2885 fit
904 2846 1069 2886 duobus
1103 2845 1239 2884 modis
1272 2856 1364 2883 cum
1400 2844 1576 2883 honesta
1605 2851 1688 2883 tur-

204 2912 323 2962 pibus
354 2912 574 2951 diffinimus
619 2920 691 2952 aut
732 2914 869 2964 turpia
914 2913 1101 2953 honestis
1133 2919 1177 2952 ut
1222 2914 1256 2951 si
1292 2914 1382 2963 quis
1412 2913 1687 2964 patrationem
