1894 3403
949 302 999 330 10

367 418 535 457 Secutus
562 423 627 457 est
655 419 765 458 illam
792 420 926 470 legem
956 420 1010 458 de
1041 419 1158 459 XVII
1186 419 1323 459 litteris
1355 432 1380 458 a
1408 418 1597 459 Uarrone
1627 419 1709 458 fac-

231 491 316 524 tam
346 484 529 535 Nigidius
560 487 739 535 Figulus,
770 488 838 537 qui
877 484 938 524 ‘in
967 488 1267 526 commentariis
1298 488 1379 525 suis
1410 500 1489 526 nec
1517 487 1543 525 k
1575 487 1711 538 posuit

232 567 310 592 nec
339 566 366 605 q
395 566 473 592 nec
502 566 540 593 x,
598 554 716 592 Idem
746 555 771 592 h
807 567 891 592 non
920 566 1015 593 esse
1045 554 1220 594 litteram
1254 555 1329 593 sed
1358 560 1500 594 notam
1529 555 1710 606 adspira·

232 622 352 660 tionis
382 618 575 661 tradidit’.
613 619 733 673 (Mar.
774 622 964 661 Uictorin.
994 622 1054 660 VI
1082 635 1122 673 p.
1155 622 1192 668 8,
1229 618 1308 670 16).
1349 622 1433 661 Sed
1461 623 1712 672 grammatici

232 689 467 739 posterioris
511 690 705 740 temporis
751 689 945 728 Uarronis
998 690 1207 729 sententiis
1255 689 1391 728 infesti
1435 703 1530 729 eam
1573 691 1711 740 negle-

234 762 392 795 xerunt.

367 824 582 863 Postremo
614 826 696 864 duo
726 831 965 876 argumenta
993 827 1157 873 addam,
1197 839 1266 864 cur
1294 825 1524 864 Uarronem
1553 826 1713 876 potissi-

233 906 343 932 mum
374 898 580 932 auctorem
608 894 766 933 illorum
786 895 996 933 nominum
1025 894 1352 935 existimauerim.
1397 894 1573 932 Primum
1602 894 1711 933 enim

232 975 386 1000 nomen
415 962 510 1000 illud
540 975 633 1011 uau,
665 965 777 1014 quod
808 977 836 1001 u
865 964 1108 1002 consonanti
1136 963 1268 1001 Uarro
1305 963 1497 1013 imposuit
1532 968 1574 1000 et
1602 964 1713 1013 apud

231 1036 394 1088 ueteres
424 1032 712 1080 grammaticos
753 1037 795 1070 et
834 1033 943 1082 apud
983 1044 1060 1070 nos
1102 1043 1231 1082 usque
1262 1032 1316 1071 ad
1346 1031 1454 1069 hunc
1482 1030 1592 1069 diem
1621 1043 1712 1069 cum

232 1099 378 1136 ceteris
408 1098 628 1137 litterarum
657 1101 887 1138 nominibus
914 1101 1073 1140 mansit.
1103 1099 1222 1139 Conf.
1244 1099 1431 1139 Cassiod.
1463 1112 1515 1137 ex
1531 1098 1712 1137 Cornuto

233 1165 316 1204 VII
352 1179 391 1216 p.
428 1166 518 1215 148,
555 1178 623 1207 10:
671 1164 810 1206 ‘Hanc
853 1169 1025 1206 litteram
1055 1168 1273 1206 Terentius
1309 1167 1441 1206 Uarro
1487 1167 1585 1205 dum
1628 1166 1714 1205 uult

234 1234 530 1279 demonstrare,
559 1235 615 1272 ita
643 1235 853 1284 perscribit
882 1232 995 1273 uau'.
1058 1236 1246 1274 Priscian.
1277 1235 1315 1272 II
1342 1247 1382 1284 p.
1419 1244 1486 1283 15:
1524 1230 1581 1271 ‘U
1611 1246 1711 1271 uero

232 1301 323 1339 loco
355 1302 618 1340 consonantis
648 1302 782 1352 posita
818 1303 997 1341 eandem
1033 1314 1197 1353 prorsus
1234 1302 1275 1340 in
1313 1301 1500 1340 omnibus
1528 1301 1611 1340 uim
1640 1300 1713 1339 ha·

232 1368 316 1406 buit
361 1370 471 1419 apud
515 1369 699 1415 Latinos,
748 1382 872 1420 quam
917 1371 1026 1420 apud
1068 1370 1208 1408 Aeolis
1256 1370 1475 1418 digamma.
1534 1368 1657 1407 Unde
1687 1382 1713 1408 a

231 1437 437 1487 plerisque
467 1437 505 1475 ei
539 1449 692 1475 nomen
721 1437 800 1475 hoc
828 1438 958 1483 datur,
991 1438 1103 1488 quod
1133 1438 1242 1488 apud
1272 1436 1413 1475 Aeolis
1451 1436 1589 1475 habuit
1617 1437 1713 1476 olim

231 1517 260 1543 J·-
291 1505 511 1554 digamma,
541 1505 583 1543 id
613 1511 676 1543 est
706 1501 822 1543 ‘uau'
853 1506 906 1542 ab
936 1505 1061 1554 ipsius
1091 1517 1195 1543 uoce
1224 1505 1451 1555 profectum
1480 1510 1584 1543 teste
1609 1503 1714 1543 Uar—

231 1585 333 1611 rone
378 1578 419 1611 et
449 1572 641 1624 Didymo,
675 1574 743 1625 qui
778 1574 820 1611 id
849 1574 888 1611 ei
916 1584 1070 1611 nomen
1111 1584 1205 1611 esse
1250 1568 1501 1612 ostendunt'.
1561 1572 1713 1622 Hagen

230 1641 377 1678 anecd.
420 1640 582 1680 Heluet.
626 1654 665 1691 p.
706 1652 800 1690 223,
840 1640 912 1680 26:
970 1638 1135 1691 ‘Figura
1176 1642 1313 1691 itaque
1359 1640 1461 1679 illius
1504 1641 1712 1690 digamma

229 1713 408 1746 uocatur.
469 1707 659 1747 Potestas
693 1721 793 1747 uero
831 1709 1016 1747 eiusdem
1054 1721 1135 1747 uau
1168 1708 1412 1753 nominatur,
1449 1719 1571 1758 quam
1607 1708 1713 1746 acci-

228 1777 388 1826 pientes
419 1777 553 1815 Latini
581 1783 805 1827 posuerunt
835 1789 957 1827 super
985 1791 1012 1815 u
1046 1782 1344 1815 consonantem
1373 1782 1415 1815 et
1439 1776 1532 1815 facit
1559 1790 1587 1815 u
1615 1789 1711 1816 con-

230 1855 386 1882 sonans
433 1846 544 1895 apud
588 1856 678 1893 nos,
727 1846 839 1895 quod
885 1846 1093 1895 digamma
1138 1846 1249 1895 apud
1288 1840 1492 1882 Graecos’
1521 1868 1530 1883 .-
1561 1873 1571 1883 .
1615 1844 1709 1884 Ter.

230 1911 368 1950 Scaur.
400 1911 480 1950 VII
511 1925 551 1962 p.
588 1923 649 1963 17,
682 1922 719 1960 5.
751 1913 922 1951 Accedit
953 1913 1133 1952 alterum.
1192 1911 1323 1951 Uarro
1351 1912 1392 1950 in
1422 1911 1523 1950 libro
1554 1912 1608 1951 de
1638 1924 1710 1951 an·

229 1980 414 2030 tiquitate
450 1980 669 2018 litterarum
705 1982 759 2018 ad
789 1980 836 2019 L.
868 1981 1034 2018 Accium
1078 1980 1267 2030 exposuit
1309 1985 1414 2017 teste
1444 1979 1642 2030 Pompeio
1672 1979 1711 2017 V

228 2060 268 2097 p.
300 2047 369 2097 98,
402 2059 451 2086 22
484 2044 607 2086 ‘olim
628 2048 726 2086 XVI
759 2048 898 2093 fuisse,
928 2053 1075 2098 postea
1106 2060 1158 2086 ex
1188 2047 1389 2098 superfluo
1420 2047 1710 2089 additas.·alias

227 2115 379 2152 litteras
423 2120 465 2152 et
508 2115 635 2152 factas
676 2111 844 2154 XXIII'.
918 2114 1160 2163 (Wilmanns
1207 2115 1246 2152 d.
1266 2157 1270 2160 ,
1289 2113 1404 2153 Uarr.
1442 2114 1551 2154 libris
1581 2126 1708 2163 gram.

228 2195 268 2233 p.
302 2181 417 2232 219).
478 2181 581 2222 Cum
609 2196 709 2221 uero
740 2184 913 2222 sciamus
943 2182 1173 2221 Uarronem
1200 2181 1318 2219 XVII
1348 2181 1439 2220 illas
1467 2193 1550 2220 una
1577 2181 1711 2219 nomi-

227 2263 327 2288 num
356 2251 514 2288 ratione
544 2251 865 2301 comprehensas
896 2252 1045 2289 litteras
1072 2251 1286 2300 probasse,
1322 2250 1397 2287 has
1428 2249 1529 2287 XVI
1557 2249 1709 2299 priscas

230 2319 317 2357 sine
348 2318 472 2357 dubio
518 2319 612 2358 dicit
656 2320 829 2358 easdem
874 2323 1048 2369 excepta
1087 2330 1115 2368 g
1144 2318 1289 2364 littera,
1334 2329 1457 2368 quam
1502 2316 1711 2355 addidisse

230 2386 299 2437 Sp.
331 2385 549 2426 Caruilium
582 2387 649 2438 Sp.
681 2388 707 2426 1.
750 2388 838 2438 ipse
866 2386 998 2426 Uarro
1043 2392 1183 2425 auctor
1221 2391 1295 2426 est.
1342 2383 1462 2434 (Plut.
1493 2397 1559 2435 qu.
1589 2385 1709 2425 Rom.

230 2464 298 2503 54.
331 2451 402 2503 59)
415 2453 458 2503 ¹).
524 2454 634 2492 Dein
663 2456 704 2493 in
732 2455 799 2493 illo
829 2455 928 2492 libro
961 2454 1178 2504 explicauit
1204 2450 1407 2503 (Pompei.
1437 2453 1462 2491 1.
1487 2450 1530 2501 l.)
1561 2448 1624 2490 ‘et
1643 2465 1713 2491 cur

229 2527 290 2560 tot
319 2522 400 2561 sint
427 2528 470 2560 et
499 2534 624 2573 quare
653 2535 706 2561 eo
736 2523 880 2561 ordine
903 2522 1065 2572 positae
1094 2526 1137 2558 et
1167 2532 1291 2571 quare
1320 2520 1452 2558 isdem
1478 2520 1709 2558 nominibus

228 2595 402 2628 uocatae
419 2586 490 2638 ’²).
548 2591 665 2628 Idem
693 2603 733 2640 p.
770 2589 860 2636 108,
897 2600 942 2638 13
987 2586 1093 2627 ‘Illic
1121 2593 1461 2627 commemoratur
1500 2588 1567 2638 qui
1602 2588 1712 2627 illam

365 2745 392 2791 ¹)
416 2746 498 2781 Ter.
524 2746 644 2780 Scaur.
671 2746 747 2779 VII
774 2757 808 2789 p.
827 2753 867 2789 15
898 2745 1006 2778 ualde
1030 2746 1156 2789 ineptit
1179 2745 1216 2777 in
1233 2745 1420 2777 refutanda
1437 2745 1607 2778 Uarronis
1634 2755 1713 2778 sen-

230 2805 339 2837 tentia
365 2806 410 2838 de
436 2805 461 2837 k
489 2811 522 2838 et
549 2816 567 2838 c
593 2805 732 2839 litteris.

365 2864 394 2910 ²)
418 2865 585 2899 Priscian.
612 2866 664 2898 K.
689 2866 726 2898 II
750 2876 784 2908 p.
801 2864 840 2897 8:
867 2863 929 2897 ‘Et
954 2867 1035 2897 sunt
1057 2862 1324 2897 indeclinabilia
1348 2867 1419 2895 tam
1443 2863 1537 2907 apud
1552 2862 1708 2896 Graecos

230 2924 486 2958 elementorum
509 2926 650 2959 nomina
675 2936 781 2969 quam
809 2925 903 2969 apud
927 2924 1084 2965 Latinos,
1111 2924 1189 2957 siue
1215 2923 1311 2967 quod
1336 2934 1357 2956 a
1381 2923 1540 2957 barbaris
1565 2923 1710 2957 inuenta

1887 1027 1894 1403 μΜ-Μῌψ
1891 976 1894 1022 --
1892 963 1894 970 ,
1892 955 1894 957 .
