1894 3403
875 217 897 259 7

148 332 372 373 nescimus:
417 333 492 371 sed
521 331 850 384 pronuntiandae
891 336 1004 371 certo
1040 331 1217 369 eundern
1246 330 1288 369 in
1317 330 1486 368 modum
1517 333 1624 373 sunt,

149 414 230 453 quo
258 405 296 438 st
319 400 419 439 illud
448 401 714 449 comicorum;
746 412 881 451 neque
912 396 1022 438 enim
1051 400 1265 451 quisquam
1293 412 1313 436 s
1344 404 1386 435 et
1416 411 1440 434 r
1468 398 1621 435 litteras

149 470 183 509 si
212 482 249 507 es
276 474 320 507 et
349 482 392 507 er
420 469 729 520 pronuntientur
757 481 841 507 non
869 481 961 507 esse
1001 468 1173 520 syllabas
1205 468 1342 506 dicere
1372 472 1443 503 aut
1470 478 1563 503 cum
1591 469 1627 502 st

147 549 251 577 uoce
297 549 533 588 comparare
578 542 735 588 potest;
794 543 904 575 certe
949 536 1086 575 Uelius
1141 537 1229 587 ipse
1272 536 1313 573 in
1358 534 1622 584 sequentibus

148 601 206 658 (p.
236 614 304 655 47,
342 601 409 655 13)
438 616 472 642 x
500 605 676 643 litteram
705 616 789 642 non
808 610 932 643 uocat
961 605 1022 650 ix,
1058 605 1134 642 sed
1150 616 1199 649 cs,
1230 615 1353 654 quam
1373 601 1473 640 dicit
1503 601 1624 650 signi-

147 673 268 712 ficare
280 670 310 722 ¹)
342 672 506 723 aliquid,
530 684 608 710 nec
638 678 777 710 tamen
806 685 898 712 esse
929 673 1127 723 syllabam
1154 678 1223 710 aut
1253 671 1373 710 lexin.
1404 669 1512 708 Hinc
1537 667 1624 707 effi-

148 740 248 779 citur
262 739 422 779 Uelium
451 745 562 779 certe
591 740 657 778 uel
678 740 765 778 eius
780 746 988 779 auctorem
1016 753 1101 778 non
1122 740 1271 790 legisse
1292 738 1403 790 apud
1420 734 1622 775 Lucilium

148 821 185 845 es
213 821 268 854 er,
306 808 382 845 sed
409 820 466 845 sss
500 821 585 848 rrr.
614 829 663 835 -—
697 808 784 847 Iam
813 809 869 846 ad
898 808 1024 846 uerba
1053 808 1194 846 Lucilii
1222 808 1451 845 redeamus.
1512 804 1624 843 Sicut

146 876 187 914 in
213 876 279 914 illo
309 875 539 927 fragmento
579 877 693 926 quod
736 881 860 915 antea
903 877 1075 915 tractaui
1116 875 1334 914 nonnullos
1378 873 1623 924 uituperauit

147 944 215 994 qui
243 956 317 994 pro
338 944 528 982 Romano
558 945 722 982 nomine
744 944 947 983 Graecum
971 946 1105 995 potius
1128 946 1289 983 litterae
1311 957 1329 982 s
1346 944 1618 992 imponerent,

147 1011 204 1050 sic
234 1011 275 1049 in
304 1011 437 1050 littera
466 1012 742 1051 antecedente
772 1024 791 1050 r
819 1014 873 1051 de
915 1013 1080 1051 nomine
1111 1013 1316 1064 copiosius
1355 1023 1448 1048 eum
1486 1010 1622 1060 egisse

146 1079 242 1118 mihi
269 1080 430 1118 uidetur
460 1093 511 1118 ex
539 1080 619 1119 hoc
648 1081 878 1130 fragmento
909 1082 1028 1127 effici,
1059 1083 1171 1132 quod
1189 1087 1386 1131 tanquam
1416 1079 1457 1117 in
1488 1078 1620 1116 diuer-

146 1148 255 1186 bium
287 1148 505 1198 disponere
534 1148 656 1186 uelim
685 1148 791 1187 hunc
820 1150 860 1187 in
890 1150 1059 1187 modum
1086 1155 1339 1188 correctum:

257 1228 276 1253 r
303 1228 389 1253 non
413 1216 511 1261 uult,
541 1228 636 1254 nam
667 1222 731 1254 est
764 1216 844 1254 hoc
871 1216 1197 1266 cacosyntheton
1229 1222 1352 1266 atque
1383 1215 1530 1252 canina

257 1283 316 1321 sic
345 1284 481 1334 lingua
509 1284 616 1323 dico.
652 1305 697 1310 —
732 1283 839 1322 Nihil
870 1285 926 1322 ad
955 1296 1034 1329 me,
1064 1296 1218 1322 nomen
1248 1283 1327 1321 hoc
1355 1283 1409 1321 illi
1439 1288 1515 1321 est.

145 1349 284 1389 Uerba
311 1351 408 1388 inde
436 1364 462 1389 a
490 1351 596 1388 nihil
628 1352 830 1389 uocabulo
858 1351 998 1389 Lucilii
1027 1356 1133 1396 sunt,
1179 1352 1247 1401 qui
1277 1351 1401 1395 dicat,
1447 1362 1493 1387 se
1524 1349 1621 1387 nihil

145 1419 304 1464 morari,
348 1419 461 1470 quod
491 1419 651 1464 Accius,
696 1431 817 1469 quem
850 1418 1102 1457 Graecorum
1142 1431 1257 1456 more
1300 1431 1414 1456 scena
1445 1417 1622 1467 aggulus

144 1485 315 1524 Hectora
352 1486 560 1536 scripsisse
590 1487 782 1525 traditum
823 1492 899 1532 est,
943 1487 1043 1524 nolit
1074 1486 1154 1524 dici
1183 1500 1269 1532 rrr,
1314 1487 1391 1524 sed
1418 1482 1492 1535 ῥῶ,
1525 1485 1620 1535 quia

143 1567 217 1591 rrr
246 1554 571 1603 cacosyntheton
602 1555 653 1592 sit
682 1566 815 1604 neque
845 1555 1049 1592 humanae
1074 1556 1150 1591 sed
1170 1554 1342 1592 caninae
1363 1554 1524 1602 linguae
1545 1565 1620 1602 po-

143 1620 219 1658 tius
250 1620 467 1670 proprium,
496 1633 588 1658 cum
618 1617 679 1670 ῥῶ
705 1621 908 1659 Graecum
935 1621 1084 1658 iustum
1113 1621 1165 1658 sit
1194 1621 1364 1658 uerbum
1395 1620 1620 1670 meliusque

142 1688 393 1737 pronuntiari
421 1688 561 1737 possit.
620 1688 669 1725 In
713 1700 835 1726 uersu
874 1689 1006 1738 priore
1041 1689 1235 1738 quoniam
1276 1688 1347 1725 lzoc
1375 1688 1620 1725 uocabulum

142 1753 309 1804 languet
352 1754 385 1792 si
422 1767 547 1793 unum
584 1755 681 1792 inde
713 1768 738 1793 a
765 1755 899 1793 littera
924 1768 948 1792 r
990 1767 1120 1805 usque
1164 1755 1220 1792 ad
1265 1754 1545 1803 cacosyntheton
1576 1753 1621 1792 fit

142 1822 407 1873 enuntiatum,
453 1823 536 1860 duo
563 1822 726 1861 efficere
756 1824 878 1861 malui
906 1823 963 1861 ita
1007 1828 1052 1860 ut
1095 1823 1352 1873 praecedant
1395 1823 1501 1861 haec
1533 1822 1617 1860 fere

142 1885 287 1940 ‘quare
316 1889 454 1928 Acciu'
487 1887 592 1928 dici’
620 1903 638 1928 r
667 1903 752 1929 non
782 1891 867 1929 uult
896 1904 932 1931 e.
951 1903 990 1941 q.
1008 1903 1039 1930 S.
1101 1890 1157 1928 Ut
1180 1902 1230 1928 ea
1260 1902 1368 1941 quae
1388 1891 1506 1940 posui
1534 1903 1619 1929 non

141 1957 291 2007 probes
321 1958 469 2004 omnia,
506 1964 647 1996 tamen
676 1959 775 1996 illud
806 1964 916 1997 certe
948 1971 999 1996 ex
1030 1958 1118 1997 istis
1150 1958 1310 1997 duobus
1342 1958 1482 1997 Lucilii
1513 1958 1620 2008 frag-

141 2025 290 2064 mentis
319 2032 502 2076 apparet,
545 2027 766 2064 litterarum
801 2027 969 2064 nomina
1013 2026 1129 2064 huius
1177 2032 1404 2065 saturarum
1447 2027 1535 2065 libri
1561 2027 1619 2065 IX

141 2099 326 2144 tempore
356 2095 540 2133 nondum
570 2108 623 2134 ea
651 2095 703 2133 ab
734 2095 920 2133 omnibus
951 2095 1091 2144 agnita
1121 2106 1214 2132 esse
1233 2106 1338 2145 quae
1366 2106 1392 2131 a
1413 2106 1616 2144 gramma-

141 2162 229 2200 ticis
258 2163 528 2212 posteriorum
557 2164 829 2208 saeculorum;
862 2163 938 2200 sed
967 2162 1165 2200 Lucilium
1204 2162 1350 2212 partim
1381 2174 1528 2200 sonum
1557 2162 1619 2199 lit-

141 2235 254 2268 terae
282 2243 357 2281 pro
396 2232 561 2269 nomine
600 2231 801 2281 posuisse,
842 2231 989 2281 partim
1020 2230 1272 2269 Graecorum
1302 2230 1471 2268 nomina
1502 2230 1617 2268 adhi-

100 2336 102 2338 .
142 2296 289 2337 buisse.
349 2296 525 2336 Nomina
534 2297 567 2347 2)
606 2310 704 2337 uero
736 2298 957 2337 litterarum
987 2309 1049 2343 ea,
1089 2309 1196 2348 quae
1232 2310 1363 2348 usque
1391 2299 1446 2336 ad
1475 2304 1618 2337 nostra

288 2486 317 2531 ¹)
342 2488 426 2520 Non
454 2492 548 2520 recte
572 2487 661 2520 Keil
687 2487 827 2531 scripsit
850 2486 916 2520 1.1.
942 2486 1009 2519 ‘sic
1035 2487 1127 2519 enim
1144 2488 1306 2520 litteram
1322 2488 1516 2528 uocamus’,
1542 2499 1620 2521 cum

141 2551 236 2579 recte
249 2546 376 2579 Uelius
403 2546 497 2579 dicat
522 2557 558 2579 cs
584 2546 660 2578 siue
673 2557 695 2578 x
712 2556 790 2578 esse
804 2546 1016 2584 uocantium,
1042 2546 1131 2578 sicut
1156 2551 1189 2578 st
1202 2557 1291 2579 uoce
1310 2552 1426 2580 tacere
1444 2548 1618 2587 iubemur,

142 2605 330 2646 digitorum
354 2606 487 2649 crepitu
510 2606 611 2648 pueri
636 2606 680 2637 ad
705 2605 991 2648 respondendum
1017 2605 1160 2638 cientur.

277 2663 306 2708 ²)
331 2664 441 2707 Apud
464 2664 580 2697 Plaut.
607 2664 715 2696 Merc.
744 2664 865 2705 304R
892 2663 1088 2695 litterarum
1114 2674 1219 2696 sonos
1237 2675 1300 2707 pro
1317 2665 1519 2697 nominibus
1540 2676 1618 2698 esse

141 2727 254 2756 metro
279 2723 461 2763 euincitur‚
487 2734 565 2756 cum
591 2723 683 2756 dicat
706 2722 796 2756 haec
818 2722 1013 2766 Demipho:

342 2782 464 2816 Hodie
490 2783 541 2815 ire
566 2782 688 2826 occepi
711 2782 750 2815 in
773 2781 898 2815 ludum
923 2781 1131 2815 litterarium

340 2843 563 2883 Lusimaehe,
588 2848 704 2876 ternas
727 2843 801 2876 scio
824 2842 904 2878 iam.
928 2843 970 2878 L.
997 2843 1090 2886 Quid
1118 2841 1265 2878 ternas?
1289 2844 1335 2878 D.
1361 2844 1455 2877 AM
1469 2844 1509 2879 O.
