1894 3403
946 191 999 230 45

247 307 321 345 det
351 306 409 344 sic
442 304 539 352 fere,
569 311 613 343 ut
643 304 806 343 Horatii
836 304 973 342 uerbis
1004 309 1094 341 utar
1131 298 1174 353 (l.
1205 301 1231 340 Ι.
1263 313 1302 341 u,
1335 298 1426 351 65):
1472 307 1515 340 at
1543 302 1651 341 bene
1682 303 1715 341 si

246 375 352 413 uiuis
381 380 423 413 et
451 374 561 424 puris
589 373 776 412 manibus

359 443 489 481 nolito
520 443 593 480 tibi
623 454 689 480 me
717 441 824 479 male
846 441 984 478 dicere
1005 451 1131 490 posse
1152 444 1295 489 putare
1323 436 1380 488 (u.
1402 449 1484 489 970
1505 439 1539 477 L
1560 450 1638 489 130
1652 439 1715 489 M)

248 510 332 549 Sed
361 522 517 548 rursum
547 510 726 548 Lucilius
757 509 894 559 poesis
926 508 1116 546 satiricae
1147 507 1270 545 alium
1290 506 1405 556 fingit
1432 506 1639 545 inimicum
1661 508 1716 545 de

248 590 331 628 quo
364 591 432 618 uu.
464 577 558 627 890.
590 576 685 627 962.
716 576 811 626 961.
844 576 923 625 875
954 576 987 614 L
1017 575 1086 624 98.
1119 585 1183 624 25.
1218 586 1281 623 24.
1315 586 1367 623 33
1398 574 1454 614 M.

359 645 440 683 Hic
469 645 511 682 in
540 650 719 682 stercore
746 643 869 689 humi,
901 643 1060 688 fabulis,
1092 642 1186 680 fimo
1218 647 1343 692 atque
1375 642 1581 680 sucerdis:

358 710 493 762 ‘Quid
521 720 563 752 tu
593 714 698 752 istuc
728 725 857 758 curas,
890 712 959 749 ubi
988 723 1067 762 ego
1098 711 1256 749 oblinar
1285 716 1411 761 atque
1441 708 1629 749 uoluter?
1660 741 1669 750 .
1704 740 1712 749 .

362 781 475 830 Quid
495 794 635 820 seruas
666 792 748 832 quo
771 793 875 826 eam,
907 780 1007 830 quid
1023 777 1171 830 agam?
1202 779 1302 830 quid
1332 779 1376 817 id
1407 779 1554 817 attinet
1574 781 1630 817 ad
1646 777 1715 818 te?

364 849 489 897 Quod
519 855 564 888 tu
594 849 627 887 si
656 849 815 894 laudes,
845 848 998 899 culpes,
1029 860 1113 885 non
1142 846 1305 898 proficis
1336 843 1494 886 hilum'.

251 919 439 958 Occurrit
468 923 678 968 postremo
723 917 823 955 alius
851 916 1115 962 obtrectator,
1156 916 1226 966 qui
1256 915 1458 953 Lucilium
1488 915 1550 953 his
1582 916 1715 954 uerbis

250 987 514 1037 adloquatur:
546 997 614 1024 uu.
647 983 739 1033 876.
770 994 848 1033 911
883 983 916 1021 L
948 993 1013 1031 30.
1051 994 1095 1021 12
1129 983 1190 1023 M:

363 1052 494 1097 Nunc,
525 1052 615 1097 Gai,
646 1052 842 1106 quoniam
871 1051 1039 1088 incilans
1069 1063 1144 1088 nos
1175 1051 1311 1096 laedi',
1339 1051 1520 1089 uicissim

365 1121 398 1159 si
425 1120 547 1159 liceat
565 1119 700 1158 facere
728 1125 771 1158 et
789 1119 872 1157 iam
887 1118 965 1157 hoc
984 1119 1161 1157 uersibu'
1191 1120 1366 1158 reddere
1396 1119 1512 1170 quod
1535 1120 1590 1157 do
1623 1150 1632 1159 .
1664 1149 1672 1159 .
1706 1149 1715 1159 .

252 1189 407 1227 Omnes
445 1189 514 1238 qui
542 1188 718 1237 priorem
750 1199 789 1226 u.
831 1188 1054 1236 tetigerunt
1082 1185 1207 1236 (conf.
1234 1188 1289 1227 M.
1316 1188 1370 1241 ad
1401 1188 1438 1227 h.
1470 1185 1527 1237 u.)
1562 1189 1717 1226 malue-

251 1262 343 1295 runt
373 1256 556 1305 cogitare
595 1255 649 1292 de
681 1253 725 1294 C.
759 1253 900 1292 Caelio
939 1255 1076 1292 iudice
1120 1255 1174 1293 de
1220 1254 1264 1294 C.
1295 1255 1476 1293 Minucio
1522 1256 1716 1305 magistro

252 1325 434 1375 equitum
464 1325 517 1361 de
538 1323 639 1368 aliis,
671 1335 805 1373 quam,
836 1335 915 1373 quo
931 1335 1182 1372 praenomen
1204 1323 1336 1373 aptius
1369 1324 1548 1373 positum
1575 1324 1717 1362 uidea-

252 1398 328 1437 tur,
375 1392 574 1429 Lucilium
603 1392 734 1440 ipsum
768 1402 1003 1440 agnoscere.
1062 1386 1199 1442 (Conf.
1230 1389 1394 1440 Corpet.
1428 1392 1483 1429 ad
1512 1391 1551 1430 h.
1583 1390 1625 1441 1.)
1655 1392 1717 1430 Ita

252 1460 293 1498 in
334 1459 528 1498 Uarronis
571 1459 801 1509 Menippeis
846 1470 1141 1509 nonnunquam
1185 1458 1531 1508 deprehendimus
1578 1458 1719 1497 Marce

251 1529 484 1565 uocatiuum
513 1525 596 1576 (60.
632 1537 721 1575 175.
753 1536 832 1574 505
864 1525 941 1575 B.)‚
987 1527 1097 1564 uelut
1132 1527 1173 1564 in
1204 1526 1408 1566 Bimarco:
1454 1523 1628 1566 ‘Ebrius
1671 1541 1716 1566 es

253 1595 405 1641 Marce,
452 1594 657 1645 Odyssian
699 1594 808 1632 enim
837 1593 1005 1632 Homeri
1049 1594 1237 1633 ruminari
1282 1594 1439 1645 incipis,
1487 1607 1580 1634 cum
1622 1594 1718 1647 περὶ

253 1661 428 1713 τρόπων
465 1663 707 1712 scripturum
738 1668 779 1699 te
810 1662 903 1699 Seio
933 1663 1136 1711 receperis
1148 1658 1170 1700 '.
1229 1662 1425 1701 Horatius
1475 1664 1573 1701 item
1616 1677 1719 1703 non-

255 1732 387 1769 nullos
419 1743 513 1769 sese
542 1730 658 1780 fingit
686 1730 959 1780 adloquentes
986 1728 1126 1775 Quinte
1156 1735 1231 1768 sat.
1250 1729 1342 1777 116,
1371 1740 1436 1781 37.
1458 1752 1508 1758 —
1528 1730 1721 1770 Ceterum

253 1800 434 1838 uicissim
465 1799 601 1837 facere
632 1795 864 1838 ἀντιποιεῖν
907 1809 1002 1835 esse
1042 1803 1143 1848 puto
1174 1810 1224 1836 ac
1259 1799 1397 1836 dicere
1428 1800 1720 1847 aduersarium,

255 1881 347 1908 sese
387 1868 463 1906 nisi
507 1867 610 1906 infra
650 1879 764 1906 suam
795 1867 1038 1917 dignitatem
1069 1873 1191 1914 esset,
1237 1879 1529 1918 responsurum
1562 1869 1721 1908 Lucilio

256 1937 441 1974 uersibus
471 1936 649 1973 uicissim
683 1966 691 1974 .
722 1965 731 1974 .
765 1965 774 1975 .
805 1935 913 1972 Dein
941 1936 1057 1973 aliter
1085 1947 1134 1972 ac
1163 1935 1362 1973 Muellero
1392 1938 1555 1975 uidetur
1601 1939 1723 1976 inter-

254 2009 393 2055 pretor
421 2016 459 2044 u.
491 2013 574 2054 970
603 2003 636 2041 L
674 2013 747 2053 127
778 2003 842 2042 M:

368 2078 409 2109 et
437 2067 638 2109 Musconi'
668 2084 834 2109 manum
861 2072 1111 2120 perscribere
1141 2084 1265 2121 posse
1295 2078 1486 2122 tagacem

257 2152 364 2190 quae
394 2139 521 2176 uerba
550 2139 775 2176 aduersarii
805 2149 898 2175 esse
923 2139 1093 2176 arbitror
1116 2139 1290 2177 dicentis
1320 2140 1433 2177 nihili
1462 2152 1555 2178 esse
1586 2153 1722 2192 neque

257 2207 527 2246 admiratione
572 2207 653 2243 ulla
683 2207 853 2256 dignum
899 2206 1104 2244 satiricum
1148 2206 1333 2246 homines
1380 2208 1537 2248 furaces
1579 2210 1723 2248 similia

254 2287 379 2326 posse
409 2275 641 2313 describere
672 2273 788 2325 (Hor.
822 2280 897 2314 sat.
927 2274 946 2311 I
975 2286 1016 2323 4,
1048 2274 1101 2323 3).
1162 2273 1280 2314 Conf,
1300 2275 1401 2316 Hor.
1434 2268 1579 2315 sat.‘11
1603 2289 1636 2323 1,
1656 2288 1721 2324 21,

255 2343 325 2381 ubi
356 2343 572 2381 Trebatius
604 2348 765 2380 saturae
798 2343 1052 2382 obtrectans:

370 2411 537 2459 Quanto
567 2412 716 2448 rectius
746 2410 850 2448 haec
880 2423 1003 2460 quam
1035 2411 1139 2448 tristi
1167 2411 1333 2448 laedere
1366 2423 1486 2449 uersu

369 2478 638 2517 Pantolabum
675 2490 851 2516 scurram
875 2477 1263 2528 Nomentanumque
1292 2476 1526 2529 nepotem'.

257 2546 348 2584 Alia
375 2546 421 2585 L.
452 2547 508 2585 ad
538 2546 646 2584 hunc
676 2547 821 2585 locum.

395 2614 662 2652 Tractaturus
709 2614 788 2652 iam
840 2625 929 2651 sum
975 2614 1053 2651 alia
1098 2614 1328 2664 fragmenta
1371 2621 1578 2666 quattuor,
1617 2629 1724 2667 quae

259 2682 444 2720 nondum
475 2688 587 2720 recte
615 2682 822 2720 intellecta
852 2682 952 2719 sint:
983 2687 1078 2719 sunt
1105 2695 1204 2720 uero
1234 2683 1358 2721 haec:

723 2750 753 2791 I.
784 2762 823 2789 u.
854 2760 934 2800 912
967 2749 1001 2788 L
1034 2760 1110 2798 114
1140 2749 1184 2788 M

372 2831 455 2858 non
485 2819 614 2858 datur.
646 2818 825 2857 admittit
853 2829 991 2863 nemo,
1022 2829 1100 2856 nec
1131 2818 1273 2856 uiuere
1305 2819 1458 2856 ducunt
1490 2849 1498 2857 .
1533 2850 1541 2858 .
1574 2848 1582 2857 .
