1894 3403
942 342 967 379 8

215 477 403 520 tempora
433 469 626 511 feruntur,
671 434 826 506 inuenit
863 467 1150 519 grammaticus
1197 466 1347 505 aetatis
1377 466 1579 512 Sullanae,
1624 469 1694 503 aut

214 538 270 577 M.
304 537 478 575 Uarroni
508 536 729 574 simillimus
761 541 843 581 aut,
874 536 988 586 quod
1016 536 1113 574 mihi
1149 536 1235 574 ueri
1265 534 1507 573 simillimum
1535 535 1695 573 uidetur

218 603 347 641 Uarro
375 604 463 653 ipse
491 602 559 652 qui
588 602 629 639 in
660 602 760 640 libro
792 602 847 639 de
868 602 1112 653 antiquitate
1144 602 1366 640 litterarum
1387 601 1442 638 ad
1457 600 1504 639 L.
1526 600 1695 638 Accium

214 670 364 719 scripto
396 670 450 706 de
479 664 710 706 nominibus
753 669 976 707 litterarum
1013 669 1097 718 egit
1136 665 1377 719 (Wilmanns
1414 667 1468 705 de
1499 666 1694 705 Varronis

213 737 320 775 libris
351 736 627 786 grammaticis
657 749 695 786 p.
734 733 831 785 125)
862 736 940 774 XX
971 735 1057 774 fere
1087 736 1204 774 annis
1234 740 1329 786 post
1352 734 1492 773 Lucilii
1506 739 1693 773 mortem.

347 803 525 841 Nomina
537 800 567 854 ¹)
598 804 707 840 enim
736 804 958 841 litterarum
989 804 1090 841 XXI
1121 804 1154 841 si
1182 814 1471 853 percensemus
1502 814 1527 839 a
1548 814 1571 840 e
1590 803 1603 840 i
1623 815 1648 840 o
1668 814 1695 840 u

215 872 260 911 ef
276 872 313 910 el
334 885 402 910 em
422 884 475 910 en
497 884 541 910 er
556 883 601 910 es
631 872 683 910 be
704 883 757 923 pe
778 873 832 910 de
854 877 895 910 te
916 884 966 910 ce
985 883 1038 921 ge
1069 871 1121 909 ha
1149 871 1202 909 ka
1222 882 1276 921 qu
1306 870 1345 908 ix
1378 890 1432 897 —
1460 882 1485 920 y
1514 870 1622 908 enim
1651 873 1695 907 et

213 953 233 977 z
264 940 449 978 Graecas
491 941 609 978 mitto
642 961 691 967 —
735 952 860 978 nemo
902 941 1047 990 opinor
1091 952 1176 977 non
1218 939 1333 977 uidet
1373 939 1502 989 primo
1550 938 1695 977 obtutu

213 1008 317 1047 haec
346 1021 425 1047 nec
455 1009 616 1058 priseae
645 1009 863 1047 uetustatis
895 1020 989 1047 esse
1019 1014 1065 1047 ut
1096 1007 1259 1046 Graeca
1287 1007 1508 1045 litterarum
1527 1007 1695 1045 nomina

212 1087 301 1123 nec,
322 1087 421 1113 casu
451 1075 575 1122 facta,
607 1076 684 1113 sed
714 1076 767 1113 ab
789 1076 956 1113 homine
979 1075 1232 1114 Graecorum
1263 1076 1316 1113 de
1336 1075 1477 1112 litteris
1508 1075 1695 1113 doctrina

213 1144 370 1182 imbuto
403 1144 560 1194 singula
591 1143 757 1194 singulis
785 1144 927 1182 litteris
958 1155 1051 1183 esse
1081 1143 1271 1195 imposita
1301 1155 1352 1182 ea
1373 1142 1530 1181 ratione
1559 1146 1604 1180 ut
1622 1154 1695 1180 uo·

215 1212 327 1249 cales
350 1223 466 1249 suum
493 1224 682 1261 quaeque
700 1223 846 1249 sonum
866 1212 1048 1249 habeant
1067 1224 1141 1261 pro
1163 1212 1342 1255 nomine,
1374 1210 1694 1249 consonantibus

213 1292 231 1316 e
262 1279 440 1317 addatur
473 1279 747 1329 postpositum
787 1279 921 1323 mutis,
966 1278 1280 1317 semiuocalibus
1318 1278 1607 1328 antepositum,
1633 1264 1695 1315 >ut

214 1346 394 1396 denique
438 1346 491 1383 ha
525 1346 578 1384 ka
608 1358 663 1396 qu
691 1346 731 1383 ix
770 1352 1038 1395 segregentur
1067 1358 1092 1383 a
1121 1346 1268 1384 ceteris
1298 1346 1507 1384 nominum
1535 1346 1694 1384 ratione

214 1419 386 1459 mutata,
418 1414 450 1451 si
480 1414 607 1451 modo
639 1413 781 1451 harum
811 1413 1032 1452 litterarum
1049 1419 1241 1464 quattuor
1258 1413 1426 1452 nomina
1455 1413 1592 1450 eidem
1621 1413 1694 1450 de-

212 1482 361 1519 bentur
405 1480 469 1518 cui
513 1480 767 1532 reliquarum.
827 1480 922 1519 Una
967 1481 1123 1519 scilicet
1166 1481 1259 1530 lege
1290 1481 1369 1518 XII
1413 1485 1693 1518 consonantes

212 1550 367 1586 litteras
398 1549 712 1598 comprehendit
740 1549 773 1586 is
804 1549 873 1599 qui
902 1549 969 1586 illa
999 1549 1168 1587 nomina
1195 1548 1331 1599 posuit
1359 1548 1525 1599 primus,
1565 1547 1622 1586 ita
1650 1553 1695 1586 ut

213 1629 334 1667 supra
362 1616 654 1662 demonstraui‚
687 1629 705 1653 e
734 1616 867 1654 littera
898 1617 1060 1656 addita:
1107 1617 1219 1655 idem
1249 1617 1435 1654 omnibus
1467 1616 1694 1654 semiuoca-

213 1686 314 1723 libus
346 1685 514 1722 fulcrum
543 1685 794 1734 praeposuit,
833 1685 1068 1735 postposuit
1097 1685 1230 1723 mutis.
1291 1683 1569 1722 Semiuocales
1600 1683 1694 1722 dieo

213 1764 327 1789 more
358 1751 538 1789 omnium
587 1752 656 1801 qui
698 1752 817 1789 nobis
844 1752 1017 1789 'seruati
1062 1758 1157 1789 sunt
1195 1752 1553 1800 grammaticorum
1593 1753 1696 1789 anti-

213 1831 383 1871 quorum
401 1816 444 1869 s
452 1819 471 1855 l
484 1831 519 1856 m
539 1832 565 1855 n
581 1832 606 1856 r
620 1831 639 1856 s
653 1831 687 1856 x
709 1840 760 1845 --
779 1819 906 1857 etiam
923 1820 1035 1870 apud
1057 1818 1243 1857 Graecos
1259 1819 1280 1860 ξ
1301 1819 1407 1857 inter
1427 1818 1695 1857 semiuoeales

212 1892 277 1926 est
306 1886 477 1936 Dionys.
517 1886 610 1925 Hal.
643 1887 683 1926 d.
718 1898 903 1937 compos,
942 1887 1053 1926 uerb.
1085 1886 1186 1924 XIV
1221 1886 1392 1937 Dionys.
1424 1886 1625 1933 Thrae-5
1658 1896 1694 1936 7.

212 1953 393 2003 (Bekker
422 1955 471 1993 A.
504 1954 543 1992 G
572 1954 608 1992 11
638 1967 676 2004 p.
711 1950 828 2005 631.)
864 1975 911 1981 —
945 1955 1043 1993 item
1073 1959 1207 1993 mutas
1246 1953 1267 1992 b
1299 1967 1318 1992 c
1348 1955 1377 1991 d
1399 1967 1431 2004 g
1458 1953 1482 1992 Ιι
1510 1954 1533 1991 k
1555 1959 1587 2003 p
1617 1967 1640 2003 q
1670 1958 1694 1994 t.

210 2021 299 2059 Iam
328 2021 351 2058 k
381 2021 517 2059 littera
547 2027 590 2059 et
622 2034 645 2070 q
674 2022 843 2059 nomina
871 2034 924 2059 ex
942 2022 1155 2059 uocalibus
1187 2033 1294 2072 quae
1324 2034 1396 2059 eas
1427 2021 1542 2071 sequi
1572 2023 1696 2059 adso-

212 2088 324 2125 leant
354 2093 540 2126 traxere:
578 2101 597 2125 c
625 2088 760 2126 littera
788 2102 889 2127 uero
921 2101 1002 2139 quo
1033 2089 1351 2138 distingueretur
1381 2101 1405 2126 a
1436 2089 1487 2126 ka
1519 2088 1647 2142 affini.
1677 2102 1695 2126 e

211 2155 400 2193 uocalem
431 2156 615 2193 adiunxit
643 2157 932 2206 grammaticus
966 2162 1009 2195 et
1035 2156 1126 2194 huic
1156 2156 1232 2207 ipsi
1262 2161 1305 2194 et
1325 2156 1502 2207 quinque
1532 2156 1695 2207 reliquis

212 2224 332 2260 mutis
359 2236 392 2273 g
422 2223 443 2260 b
464 2229 496 2272 p
529 2225 558 2260 d
582 2228 607 2269 t,
643 2236 744 2274 quas
782 2224 932 2262 similes
973 2237 1067 2262 esse
1096 2224 1202 2262 inter
1232 2237 1277 2262 se
1305 2224 1446 2270 uoluit,
1479 2224 1695 2262 dissimiles

210 2290 235 2328 h
265 2291 437 2337 litterae,
478 2292 542 2329 cui
573 2304 597 2328 a
626 2292 802 2331 litteram
832 2292 1023 2342 apposuit
1050 2292 1191 2330 nescio
1223 2303 1362 2342 quare,
1393 2291 1570 2330 fortasse
1601 2292 1696 2342 quia

212 2359 292 2397 hoc
322 2360 657 2410 simplicissimum
686 2361 923 2401 uidebatur:
954 2361 1066 2398 idem
1092 2373 1127 2398 x
1147 2360 1323 2399 litteram
1352 2360 1505 2399 exemit
1533 2361 1696 2399 e-semi-

211 2427 422 2466 uocalibus
453 2428 689 2479 praeposita
721 2429 748 2471 τ’.
789 2441 882 2467 cum
912 2428 1092 2480 reliquae
1124 2441 1142 2466 e
1172 2428 1307 2467 littera
1337 2428 1568 2477 fulciantur;
1614 2428 1694 2466 for-

212 2501 324 2533 tasse
353 2502 467 2534 recte
497 2497 703 2546 explicant
732 2497 987 2546 grammatici
1031 2497 1089 2535 ita
1129 2496 1281 2535 factum
1326 2509 1420 2535 esse
1468 2497 1694 2535 secundum

212 2562 456 2601 uocabulum
487 2562 693 2601 Graecum
723 2564 837 2602 huius
867 2564 1026 2602 litterae
1057 2560 1148 2615 23²).

345 2630 490 2682 Itaque
532 2643 624 2670 cum
654 2638 852 2683 appareat
883 2632 1104 2671 litterarum
1135 2631 1372 2670 Latinarum
1401 2631 1569 2670 nomina
1608 2644 1694 2670 non

350 2791 377 2835 ¹)
404 2793 574 2827 Priscian.
603 2794 640 2825 ΙΙ
662 2804 697 2837 p.
714 2801 746 2836 7,
773 2794 818 2826 26
844 2792 945 2826 Seru.
971 2793 1026 2826 IV
1050 2804 1084 2837 p.
1105 2800 1188 2834 422,
1207 2799 1261 2835 15.
1289 2793 1386 2834 Serg.
1401 2793 1466 2833 IV,
1485 2804 1518 2837 p.
1534 2797 1616 2837 476,
1635 2802 1694 2836 31.

217 2858 296 2894 520,
326 2852 379 2885 18.
405 2852 563 2896 Pompei.
591 2853 625 2885 V
649 2864 683 2896 p.
716 2861 828 2893 101,9
855 2853 957 2886 Keil.
983 2854 1136 2886 Tantum
1162 2852 1256 2896 apud
1281 2852 1438 2885 Probum
1459 2853 1689 2897 IVp.49,31

215 2922 259 2943 ex
284 2922 347 2955 pro
372 2913 412 2944 ix
436 2911 601 2945 traditum
627 2917 693 2951 est,
719 2912 816 2956 quod
841 2912 1086 2955 corrigendum
1112 2922 1192 2945 esse
1219 2922 1359 2946 censeo.

351 2971 380 3015 2)
406 2971 573 3005 Priscian.
602 2973 639 3003 II
665 2983 698 3016 p.
718 2973 750 3013 8,
769 2980 822 3007 12.
839 2981 895 3007 20.
920 2973 1061 3008 Anecd.
1086 2973 1230 3007 Heluet.
1258 2973 1314 3007 ed.
1330 2973 1461 3016 Hagen
1485 2984 1519 3018 p.
1537 2981 1617 3015 224,
1636 2981 1690 3009 12.
