1894 3403
900 201 923 240 3

174 316 380 355 diffiniens
408 317 606 367 lacrymas
643 316 754 356 dicat
795 317 957 356 ueneris
994 316 1214 366 fatigatae:
1254 326 1377 365 quern
1408 315 1603 354 sudorem
1617 313 1650 364 ¹)

172 385 317 422 melius
347 385 589 423 nominaret.
634 386 690 422 At
719 391 861 423 contra
894 386 1040 435 aliquis
1070 385 1182 421 dicat
1212 383 1416 434 lacrymae
1445 389 1542 421 sunt
1571 384 1649 419 do—

174 453 268 490 loris
283 452 474 502 patratio,
505 452 598 491 huic
627 453 729 491 uitio
758 465 836 491 nec
851 453 1038 503 superior
1062 451 1261 502 particula
1276 456 1649 501 temperamentum

171 516 340 569 tribuit'.
401 519 581 558 Patratio
622 526 762 559 autem
798 521 897 570 quid
927 521 992 565 sit,
1036 519 1267 569 expositum
1304 520 1493 557 uidemus
1535 519 1648 568 apud

172 587 319 627 Isidor.
350 588 450 638 orig.
467 588 524 626 IX
542 598 580 636 5,
597 598 620 637 3
654 584 795 627 ‘Pater
824 594 961 627 autem
992 588 1127 625 dictus
1159 588 1273 636 quod
1294 587 1529 636 patratione
1559 599 1649 636 per-

172 662 266 694 acta
305 656 429 694 filium
470 663 600 696 creat:
644 657 820 707 patratio
861 658 970 694 enim
1011 661 1076 693 est
1118 656 1176 693 rei
1206 654 1411 693 Ueneriae
1458 666 1650 692 consum-

170 720 329 763 matio'.
388 724 456 761 Ad
485 725 748 762 concubitum
778 725 842 762 ille
879 736 1022 762 uersus
1054 723 1243 773 spectare
1275 736 1360 761 non
1388 729 1546 773 potest:
1585 729 1649 761 est

170 799 311 831 tamen
352 792 482 830 multo
519 791 706 831 foediore
750 804 873 830 sensu
904 804 1027 842 quam
1074 792 1255 829 editores
1300 792 1497 842 suspicati
1541 797 1647 831 sunt.

170 861 313 898 Amica
342 862 452 898 enim
489 862 636 899 dicitur
664 872 820 907 umanus
863 861 982 898 laeua
1024 866 1067 897 et
1096 872 1240 897 uersus
1286 860 1430 897 Lucilii
1458 860 1498 896 ni
1530 859 1649 897 fallor

170 929 236 966 hic
265 934 346 966 est:

282 1008 332 1034 ac
362 995 481 1034 laeua
510 995 694 1050 lacrimas
724 996 901 1050 muttoni
932 996 1142 1045 absterget
1172 994 1303 1033 amica

172 1062 481 1102 Commentator
497 1062 751 1112 Cruquianus
767 1063 904 1113 procul
927 1064 1045 1101 abest
1074 1075 1099 1100 a
1127 1075 1226 1101 uero
1249 1063 1453 1113 praebens
1475 1063 1565 1100 lena
1588 1060 1644 1112 (h.

170 1143 205 1170 e.
238 1131 329 1169 leua
340 1128 394 1183 ²))
425 1143 567 1180 manu;
611 1143 748 1180 neque
778 1131 905 1169 uerba
935 1144 981 1168 ac
1011 1132 1130 1168 laeua
1164 1142 1246 1180 quo
1286 1132 1414 1169 modo
1443 1131 1646 1180 corrumpi

168 1200 378 1250 potuerint
405 1205 450 1237 ut
480 1200 580 1236 laeso
609 1200 685 1236 iam
714 1199 814 1236 illud
835 1199 989 1237 codicis
1017 1199 1190 1237 Acronis
1212 1198 1421 1238 Guelferb.
1451 1204 1646 1237 nascatur

169 1274 357 1318 apparet:
389 1268 605 1317 utrobique
626 1274 768 1317 aperte
788 1273 860 1305 aut
879 1267 1171 1317 interpolatum
1192 1273 1263 1305 aut
1282 1267 1389 1305 male
1413 1274 1644 1305 correctum

169 1341 233 1373 est
263 1348 288 1373 a
317 1335 489 1373 librario.
522 1334 617 1382 Quo
641 1334 738 1372 nihil
767 1334 1027 1384 prohibemur
1061 1335 1277 1384 quominus
1309 1336 1439 1373 secuti
1465 1335 1646 1385 Porphy-

168 1402 291 1440 rionis
314 1402 609 1441 Monacensem
643 1404 707 1441 cui
737 1404 919 1453 proxime
949 1405 1115 1443 accedit
1145 1405 1280 1443 codex
1310 1405 1484 1443 Acronis
1514 1418 1541 1453 γ
1571 1419 1645 1455 op-

168 1470 303 1515 timus,
333 1471 391 1507 ita
421 1471 474 1507 de
505 1470 573 1507 illo
602 1482 722 1508 uersu
754 1477 979 1509 statuamus
1010 1478 1055 1510 ut
1088 1473 1273 1510 fecimus,

302 1537 385 1576 Sed
414 1550 466 1575 ne
484 1539 635 1576 diutius
664 1540 765 1576 meis
793 1540 929 1577 uerbis
957 1540 1031 1578 has
1061 1541 1208 1578 sordes
1227 1546 1413 1587 tractem,
1445 1541 1643 1579 Martialis

167 1600 244 1656 (IX
273 1604 345 1654 41)
374 1606 512 1655 potius
544 1606 599 1643 ad
628 1617 791 1644 uersum
822 1612 935 1645 recte
964 1607 1293 1657 intellegendum
1321 1613 1571 1646 arcessatur:

281 1671 453 1710 Pontice
484 1674 594 1723 quod
624 1685 834 1724 nunquam
864 1674 1001 1721 futuis,
1033 1676 1110 1713 sed
1138 1676 1295 1725 paelice
1325 1676 1443 1713 laeua

334 1739 471 1779 Uteris
502 1746 543 1779 et
575 1741 724 1780 Ueneri
755 1743 879 1781 seruit
910 1743 1035 1781 amica
1066 1755 1217 1789 manus,

277 1806 372 1847 Hoc
401 1807 499 1846 nihil
529 1820 622 1847 esse
651 1806 803 1859 putas?
834 1810 968 1848 scelus
1001 1816 1065 1849 est
1094 1811 1190 1849 mihi
1219 1811 1358 1857 crede,
1391 1812 1467 1849 sed
1496 1812 1642 1862 ingens

333 1873 544 1923 Quantum
571 1877 640 1915 uix
670 1877 809 1915 animo
840 1877 1022 1927 concipis
1053 1878 1142 1928 ipse
1176 1884 1260 1919 tuo.

278 1942 436 1994 Nempe
466 1945 591 1982 semel
622 1944 756 1991 futuit,
786 1952 1003 1995 generaret
1032 1946 1228 1985 Horatius
1259 1952 1306 1984 ut
1335 1952 1430 1992 tres,

331 2011 442 2049 Mars
473 2012 613 2065 semel,
643 2018 690 2050 ut
711 2014 897 2063 geminos
924 2013 998 2051 Ilia
1028 2020 1142 2052 casta
1172 2015 1303 2053 daret.

275 2077 424 2127 Omnia
453 2080 719 2129 perdiderant
750 2081 784 2119 si
806 2081 1084 2119 masturbatus
1114 2088 1287 2132 uterque

330 2147 603 2187 Mandassent
630 2150 819 2188 manibus
850 2150 1004 2200 gaudia
1032 2150 1159 2189 foeda
1189 2151 1284 2191 suis.

165 2213 284 2255 Conf.
316 2215 413 2253 dein
443 2216 573 2267 Priap.
606 2228 674 2266 33,
703 2228 726 2267 5

277 2284 416 2335 Turpe
447 2286 615 2336 quidem
645 2286 771 2333 factu,
803 2288 880 2325 sed
910 2300 964 2326 ne
995 2288 1195 2338 tentigine
1225 2300 1391 2339 rumpar

353 2352 476 2392 Falce
506 2353 601 2393 mihi
631 2354 765 2404 posita
794 2353 864 2393 fiet
894 2355 1025 2393 amica
1054 2367 1202 2395 manus.

298 2446 326 2490 ¹)
351 2448 454 2480 Lucr.
473 2448 527 2479 IV
557 2448 645 2481 1128
670 2448 877 2491 ‘teriturque
896 2449 1093 2481 thalassina
1108 2450 1220 2481 uestis
1238 2451 1405 2482 Adsidue
1432 2457 1467 2483 et
1487 2452 1641 2484 Ueneris

163 2507 331 2539 sudorem
357 2507 510 2539 exercita
533 2506 646 2550 potat’
670 2508 783 2540 Boetii
807 2508 875 2540 hoc
901 2508 980 2540 loco
1005 2510 1216 2552 explicatur:
1246 2510 1283 2541 in
1309 2511 1564 2543 commentariis
1590 2511 1642 2543 nil

161 2563 282 2596 inueni
308 2565 521 2597 adnotatum.
561 2566 770 2598 Thalassina
794 2565 909 2599 uestis
929 2568 1029 2608 teges
1053 2567 1137 2600 lecti
1162 2578 1226 2599 seu
1253 2568 1366 2602 uestis
1393 2569 1550 2611 stragula
1576 2574 1641 2609 est,

162 2628 201 2655 ut
228 2634 345 2667 saepe.
400 2624 504 2658 Conf.
542 2635 572 2657 a.
599 2625 633 2658 h.
669 2625 693 2659 1.
719 2626 756 2657 II
781 2633 826 2668 97
861 2625 990 2660 Catull.
1023 2627 1076 2659 VI
1108 2635 1150 2661 10
1177 2628 1264 2661 Hor.
1293 2638 1348 2671 ep.
1378 2629 1397 2660 1
1426 2637 1479 2669 19,
1506 2630 1564 2672 38,
1603 2634 1642 2663 ut

163 2682 302 2724 singula
319 2683 425 2716 huius
438 2684 508 2716 loci
532 2688 628 2717 recte
643 2684 913 2726 intellegantur:
938 2690 978 2718 ut
990 2689 1085 2719 totus
1109 2686 1221 2731 locus,
1236 2687 1341 2721 Ouid.
1356 2698 1463 2722 amor.
1477 2689 1532 2721 III
1547 2697 1579 2731 7,
1596 2689 1640 2730 84

161 2750 246 2775 rem.
273 2752 339 2775 am.
366 2749 446 2785 431.

298 2799 327 2845 2)
354 2800 466 2836 Codd.
485 2804 594 2835 laeua
611 2804 694 2835 leua
713 2805 832 2836 laena.
857 2804 978 2836 Laeua
992 2815 1115 2837 manus
1130 2809 1169 2837 ut
1187 2806 1290 2839 Mart.
1303 2807 1363 2838 XI
1379 2807 1435 2850 58,
1453 2816 1466 2838 1
1478 2816 1507 2839 1.
1535 2816 1592 2849 73,
1608 2819 1640 2850 4.

161 2856 280 2891 Aliter
306 2859 351 2893 de
376 2860 412 2895 h.
438 2872 472 2895 u.
497 2862 617 2895 statuit
642 2862 683 2896 G.
710 2862 893 2895 Hermann
919 2862 966 2898 el.
993 2863 1084 2898 doct.
1111 2869 1212 2899 metr.
1238 2864 1301 2900 lib.
1328 2867 1365 2898 ΙΙ
1390 2876 1466 2910 cap.
1495 2867 1553 2908 36.
