1894 3403
939 173 991 224 63

225 302 289 340 Ac
338 298 538 352 protinus'
576 302 617 340 in
661 300 829 352 publicis
879 298 1025 337 tabulis
1071 297 1127 335 ad
1168 295 1274 333 hunc
1318 294 1487 332 modum
1535 306 1698 332 carmen

227 371 450 408 emendare
493 367 641 410 iussit'.
716 370 861 418 Itaque
905 379 1010 405 unus
1062 377 1113 402 ex
1162 364 1250 401 deis
1296 368 1515 400 censuerat·
1555 363 1697 400 urbem

232 438 411 476 funditus
443 439 725 477 euertendam.
786 436 904 474 Tunc
944 434 1098 484 Iupiter
1149 429 1200 482 (si
1230 429 1272 468 in
1303 443 1341 470 u.
1374 430 1505 468 altero
1541 428 1702 479 petisset

226 506 483 543 scribendum
513 511 598 544 est:
630 506 671 543 di
688 516 846 549 omnes,
877 503 910 541 si
917 502 1122 552 potz‘ssent)
1144 499 1340 549 cogitauit
1364 499 1575 548 quomodo
1597 498 1697 536 iram

225 575 475 624 portendere
505 579 648 624 posset
678 578 847 624 propter
875 571 1051 609 iudicem
1081 567 1313 618 improbum
1343 572 1385 604 et
1417 567 1534 604 simul

338 641 475 680 munu’
508 648 646 680 tamen
677 641 790 691 fungi
822 647 863 679 et
891 651 1028 677 muros
1063 648 1229 675 seruare
1258 635 1445 685 potisset.

226 710 411 748 Audiunt
455 710 564 747 enim
601 710 642 747 di
672 715 902 747 seruatores
934 704 1025 747 θεοὶ
1071 704 1281 753 σωτῆρες,
1327 703 1480 752 Iupiter
1522 706 1700 740 seruator

224 778 290 815 uel
321 781 568 816 conseruator
599 778 743 815 dicitur
772 777 814 814 in
844 773 1174 825 inscriptionibus
1197 771 1307 821 apud
1325 770 1544 808 Gruterum
1561 769 1699 808 XVIII

228 844 253 882 6
285 844 481 884 Orellium
517 855 619 892 1225
652 855 766 895 sqq:
813 843 1010 892 templum
1054 841 1164 878 Iouis
1210 838 1364 876 Soteris
1408 838 1449 874 in
1494 837 1699 887 Capitolio

226 918 427 950 memorat
459 913 571 950 Seru.
596 913 651 949 ad
669 913 771 951 Aen.
790 911 886 949 VIII
903 910 998 959 652,
1030 920 1150 960 porro
1172 907 1274 945 Iuno
1290 907 1499 943 seruatrix
1528 906 1595 943 uel
1612 919 1700 943 con-

230 982 439 1017 seruatrz'x
470 980 706 1031 appellatur,
737 979 917 1016 similiter
930 976 1067 1016 Diana
1080 977 1269 1014 Minerua
1284 974 1541 1023 Proserpina.
1572 974 1700 1022 Inpri-

229 1049 304 1085 mis
326 1053 462 1085 autem
485 1059 625 1084 eorum
643 1048 815 1084 deorum
838 1047 905 1096 qui
924 1046 1106 1083 tutelares
1136 1045 1324 1082 dicuntur
1340 1054 1486 1080 munus
1518 1047 1604 1079 erat
1635 1054 1699 1079 ur-

229 1117 325 1153 bem
355 1127 539 1154 seruare:
586 1115 694 1154 conf.
736 1115 919 1154 Macrob.
957 1114 1015 1151 III
1042 1124 1078 1162 9.
1141 1113 1255 1150 Bene
1300 1123 1436 1149 muros
1481 1111 1581 1148 dixit
1626 1122 1699 1160 pro

229 1185 346 1222 urbe:
392 1184 492 1220 muri
522 1189 773 1232 quantopere
815 1183 1010 1232 religione
1056 1181 1200 1219 sanciti
1244 1180 1392 1217 fuerint
1436 1184 1579 1216 notum
1623 1186 1698 1218 est.

234 1249 375 1301 (Conf.
405 1251 578 1301 interpp.
609 1251 663 1287 ad
695 1251 783 1289 Liu.
813 1250 832 1287 I
865 1260 900 1299 7,
934 1248 1031 1300 2)¹).

366 1319 588 1367 Quomodo
627 1330 723 1355 uero
753 1318 932 1367 Iuppiter
960 1318 1184 1367 portendat
1214 1317 1316 1354 iram
1346 1317 1519 1354 deorum
1550 1316 1701 1354 excita-

230 1393 315 1425 tam
344 1388 385 1424 in
414 1388 591 1424 iudicem
608 1386 836 1435 improbum
851 1386 1042 1423 discimus
1065 1398 1116 1422 ex
1137 1397 1204 1423 uu.
1238 1395 1291 1432 24
1305 1397 1394 1434 sqq.
1416 1385 1449 1422 L
1473 1396 1520 1433 19
1543 1396 1630 1434 sqq.
1654 1385 1697 1422 M

795 1459 838 1490 ut
866 1453 1015 1490 multos
1046 1464 1293 1502 mensesque
1327 1453 1498 1502 diesque

344 1535 429 1560 non
459 1527 597 1560 tamen
627 1526 806 1559 aetatem
836 1525 1126 1569 tempestatem
1155 1519 1261 1557 hanc
1291 1520 1483 1557 scelerosi

345 1591 538 1628 mirentur

232 1672 335 1711 quos
364 1670 506 1697 uersus
538 1657 714 1707 corrupit
744 1657 901 1702 Dousa,
946 1668 1067 1707 quem
1097 1656 1204 1694 male
1235 1661 1397 1694 secutus
1437 1662 1499 1694 est
1531 1656 1701 1695 Bouter-

205 1724 381 1780 *wek²).
430 1727 573 1776 Neque
604 1726 710 1763 enim
741 1738 833 1763 cum
862 1725 1006 1763 Dousa
1034 1725 1265 1775 putauerim
1296 1729 1543 1773 tempestatem
1573 1737 1701 1763 uoca-

231 1796 370 1833 bulum
401 1794 627 1843 significare
657 1797 797 1841 tempus
825 1804 958 1841 neque
989 1804 1081 1829 curn
1112 1790 1292 1840 Corpeto
1323 1791 1512 1828 bominem
1541 1793 1702 1830 scelero-

233 1875 315 1900 sum
334 1861 615 1906 intellexerim,
635 1861 709 1898 sed
726 1860 838 1910 quod
852 1860 1078 1909 proximum
1094 1864 1169 1904 est,
1186 1859 1405 1908 procellam
1423 1865 1463 1897 et
1477 1860 1647 1898 imbrem
1656 1860 1701 1908 3).

234 1930 347 1966 Bene
379 1929 531 1966 deinde
570 1940 615 1965 se
643 1927 768 1964 habet
799 1928 1004 1971 mirentur,
1038 1939 1134 1963 nam
1163 1932 1355 1975 portenta
1386 1932 1428 1963 et
1457 1928 1647 1977 prodigia
1678 1941 1702 1966 a

215 1996 299 2044 ⁴dis
330 1996 454 2033 missa
483 1995 677 2033 mirantur
706 1994 905 2034 homines.
939 1993 1056 2032 Conf.
1088 1993 1210 2031 Hom.
1241 2004 1265 2033 ν
1302 2003 1376 2043 153

349 2072 435 2114 Τὸν
465 2074 501 2113 δ’
527 2071 874 2123 ἀπαμειβόμενος
901 2072 1102 2123 προσέφη
1134 2071 1453 2123 νεφεληγερέτα
1483 2071 1615 2123 Ζεύς·

346 2138 381 2180 ὧ
410 2139 561 2191 πέπον,
590 2138 650 2190 ὡς
682 2139 757 2190 μὲν
788 2138 875 2195 ἐμῷ
906 2142 1022 2194 θυμῷ
1053 2140 1168 2180 δοκεῖ
1197 2136 1306 2180 εἶναι
1336 2137 1503 2191 ἄριστα,

352 2207 516 2250 ὁππότε
547 2222 620 2249 κεν
651 2208 703 2259 δὴ
735 2208 897 2260 πάντες
928 2207 1215 2258 ἐλαυνομένην
1244 2207 1507 2258 προΐδωνται

346 2275 443 2317 λαοὶ
473 2274 558 2317 ἀπὸ
589 2276 779 2327 πτόλιος,
812 2278 949 2318 θεῖναι
979 2276 1097 2317 λίθον
1127 2274 1270 2325 ἐγγύθι
1300 2274 1426 2327 γαίης

349 2343 419 2395 νηῒ
447 2347 526 2399 θοῇ
560 2343 718 2396 ἴκελον,
748 2344 833 2387 ἵνα
864 2343 1202 2395 θαυμάζωσιν
1233 2342 1467 2395 ἅπαντες

350 2411 633 2464 ἄνθρωποι,
666 2413 772 2464 μέγα
803 2413 850 2454 δέ
881 2423 986 2465 σφιν
1017 2410 1122 2464 ὄρος
1153 2411 1275 2452 πόλει
1306 2410 1617 2464 ἀμφικαλύψαι.

240 2482 327 2521 Liu.
359 2482 397 2518 II
428 2481 477 2518 62
510 2478 740 2520 ‘Prohibuit
771 2483 897 2520 foeda
920 2487 1143 2531 tempestas
1174 2494 1264 2518 cum
1285 2483 1488 2529 grandine
1517 2495 1567 2520 ac
1598 2483 1704 2519 toni-

373 2634 399 2675 ¹)
423 2633 540 2666 Aliter
564 2634 608 2666 de
634 2634 701 2666 hoc
725 2645 832 2667 uersu
858 2634 976 2667 statuit
1001 2633 1120 2675 Bergk
1145 2634 1238 2677 apud
1254 2635 1542 2667 Bouterwekium
1567 2647 1600 2678 p.
1622 2637 1702 2679 343.

371 2693 397 2733 2>
424 2694 464 2724 L.
483 2692 506 2724 1.
521 2703 554 2735 p.
574 2693 654 2734 358.
681 2693 843 2736 Scripsit:
870 2692 924 2724 ‘ut
937 2692 1084 2724 multum
1100 2716 1107 2723 .
1127 2716 1134 2723 .
1151 2716 1159 2724 .
1183 2696 1331 2724 aetatem
1358 2698 1393 2724 et
1418 2717 1426 2724 .
1447 2718 1454 2726 .
1473 2718 1481 2725 .
1507 2693 1706 2728 laetentur?

369 2750 396 2793 ³)
421 2752 481 2784 Ad
521 2752 669 2784 eandem
703 2756 946 2795 tempestatem
978 2761 998 2783 a
1029 2751 1082 2783 dis
1113 2756 1242 2783 motam
1266 2752 1444 2794 pertinere
1468 2763 1526 2785 uu.
1559 2760 1648 2795 1179
1675 2754 1705 2785 L

236 2812 304 2843 inc.
334 2811 454 2854 158M
476 2822 552 2853 sqq.
579 2812 778 2844 Buecheler
803 2822 858 2844 me
887 2811 1014 2844 docuit.
