1894 3403
921 292 974 330 88

201 415 355 464 legant.
417 414 586 453 Utinam
625 421 737 453 esset
774 415 839 452 ille
881 414 1061 454 Persius!
1122 416 1258 467 Scipio
1296 428 1395 454 uero
1432 422 1474 455 et
1506 417 1680 465 Rutilius

201 482 331 519 multo
362 482 510 531 magis,
542 493 717 532 quorum
747 482 814 519 ille
845 482 1039 520 iudicium
1061 483 1334 521 reformidans
1356 483 1592 522 Tarentinis
1625 484 1682 522 ait

200 563 245 588 se
281 556 322 588 et
355 550 619 589 Consentinis
651 556 693 588 et
723 550 865 589 Siculis
898 548 1104 589 scribere³.
1143 551 1290 601 Itaque
1319 552 1586 592 statuendum
1616 556 1681 590 est

198 618 386 668 primum,
428 630 563 668 neque
596 618 832 669 Scipionem
867 630 1003 669 neque
1035 619 1219 657 Laelium
1256 619 1413 657 uidisse
1450 625 1680 658 saturarum

200 686 325 724 libros
357 685 458 723 XXI
488 686 645 736 priores
675 687 833 731 ordine,
866 687 943 724 sed
971 686 1095 725 fuisse
1126 687 1236 725 aliud
1273 699 1420 738 corpus
1453 694 1680 725 saturarum

198 755 316 804 quod
345 754 400 792 illi
430 755 603 804 legerint
630 760 672 793 et
702 754 924 804 probarint,
966 755 1119 793 deinde
1150 755 1228 793 hoc
1259 767 1406 805 corpus
1435 768 1520 794 non
1552 767 1679 805 posse

203 833 287 858 non
317 834 412 858 esse
444 821 567 859 libros
604 822 934 859 XXVI—XXX.
994 822 1101 859 Nam
1129 829 1173 860 ut
1202 835 1323 872 supra
1354 823 1585 872 expositum
1616 829 1679 860 est

200 889 302 927 libro
323 889 463 927 XXVI
495 890 549 928 de
580 902 716 929 nouae
736 902 834 928 suae
856 901 1036 940 poeseos
1064 890 1222 929 ratione
1245 890 1419 929 Lucilius
1448 891 1533 940 agit
1564 890 1679 940 quasi

198 958 254 994 ad
285 957 527 994 scribendas
559 963 719 995 saturas
751 958 925 1007 primum
955 958 1218 1006 aggrediens.
1252 958 1374 995 Liber
1404 958 1524 1007 igitur
1539 958 1679 995 XXVI

198 1025 381 1063 omnium
410 1013 562 1076 primus
604 1026 856 1076 compositus
888 1031 964 1064 est.
1027 1025 1212 1074 Quando
1253 1037 1353 1063 uero
1376 1025 1552 1063 Lucilius
1584 1036 1679 1062 coe-

196 1094 302 1142 perit
333 1099 493 1131 saturas
517 1094 706 1136 scribere,
742 1100 914 1143 apparet
937 1106 1002 1133 uu.
1032 1093 1171 1131 XXVI
1193 1092 1289 1132 612.
1313 1103 1391 1143 572
1415 1093 1449 1131 L
1476 1103 1536 1132 10.
1560 1103 1609 1142 57
1634 1092 1677 1130 M

308 1160 420 1198 hunc
450 1161 634 1199 laborem
664 1173 815 1206 sumas,
847 1161 1013 1199 laudem
1044 1161 1114 1210 qui
1144 1161 1217 1198 tibi
1251 1172 1301 1198 ac
1331 1160 1504 1198 fructum
1534 1159 1655 1198 ferat:

307 1241 508 1278 percrepa
539 1241 721 1279 pugnam
753 1229 909 1278 Popilli,
943 1229 1055 1267 facta
1085 1228 1248 1267 Corneli
1278 1227 1448 1277 cane1).

198 1308 442 1358 Tanguntur
487 1314 630 1359 aperte
677 1321 741 1347 res
784 1314 880 1346 ante
920 1308 1183 1347 Numantiam
1228 1313 1386 1358 gestae.
1464 1306 1675 1345 Cornelius

198 1376 335 1426 Scipio
359 1375 621 1414 Numantiam
652 1378 798 1415 euertit
829 1389 938 1415 anno
971 1374 1176 1426 621l133:
1208 1377 1374 1414 reuertit
1406 1376 1524 1426 igitur
1554 1375 1673 1413 Luci-

197 1444 271 1482 lius
319 1457 412 1482 cum
457 1445 704 1495 imperatore
756 1445 906 1482 eodem
950 1457 1078 1490 anno,
1126 1455 1235 1482 anno
1281 1442 1465 1492 622l132
1513 1455 1674 1481 currum

200 1512 489 1562 triumphantis
521 1518 687 1551 secutus
718 1518 782 1550 est
804 1525 896 1550 cum
917 1512 1099 1550 exercitu
1119 1512 1289 1552 uictore.
1320 1510 1414 1549 Non
1436 1511 1674 1556 errabimus,

195 1581 229 1618 si
266 1592 376 1618 anno
418 1578 597 1629 623s131
645 1581 790 1618 librum
832 1580 969 1618 XXVI
1008 1581 1165 1618 editum
1195 1591 1290 1617 esse
1318 1590 1532 1629 ponemus,
1579 1578 1674 1628 quia

196 1655 308 1686 certa
333 1649 511 1699 uestigia
530 1650 573 1686 in
598 1649 668 1687 illo
689 1649 791 1687 libro
813 1655 957 1687 extant
987 1648 1133 1698 quibus
1164 1648 1219 1686 ad
1251 1660 1316 1686 res
1347 1659 1457 1686 anno
1486 1646 1665 1696 623l131

196 1722 339 1766 gestas
369 1717 623 1755 deducimur.

329 1785 462 1823 Recte
494 1785 527 1822 si
569 1785 881 1835 disputauimus,
912 1796 1087 1823 necesse
1117 1790 1181 1822 est
1212 1784 1310 1822 insit
1339 1784 1448 1822 libris
1478 1783 1671 1822 XXVI-

195 1852 331 1889 XXIX
355 1872 406 1877 —
426 1852 675 1890 tricesimum
706 1852 814 1889 enim
845 1863 1063 1889 secernero
1094 1852 1203 1888 malo
1227 1872 1279 1877 -
1302 1857 1342 1888 et
1363 1851 1503 1900 Lupus
1533 1851 1671 1887 laesus

194 1925 236 1956 et
266 1918 459 1956 Metellus
499 1919 727 1956 secundum
765 1919 893 1956 uerba
923 1918 1097 1956 Horatii.
1159 1919 1221 1955 Ac
1250 1918 1388 1968 Lupus
1426 1918 1593 1967 quidem
1628 1922 1672 1953 ut

194 1986 324 2024 malus
355 1986 481 2024 iudex
518 1986 697 2036 carpitur
726 1986 828 2024 libro
860 1986 1044 2024 XXVIII
1074 1985 1155 2035 692
1187 1985 1220 2023 L
1252 1996 1274 2034 3
1308 1985 1372 2023 M:
1420 1986 1473 2023 de
1504 1984 1671 2022 Metello

193 2056 302 2092 Acro
334 2055 389 2092 ad
418 2054 519 2092 Hor.
550 2060 626 2092 sat.
658 2054 699 2091 II
736 2065 769 2098 1,
801 2053 853 2103 67
886 2059 928 2092 et
961 2064 1009 2103 72
1059 2054 1122 2091 cui
1170 2053 1271 2091 satis
1310 2052 1507 2090 scientiae
1548 2050 1671 2089 fuisse

194 2134 316 2172 supra
337 2123 417 2159 iam
437 2122 627 2167 uidimus,
659 2122 751 2159 loco
782 2122 915 2171 priore
947 2122 1144 2159 adnotat:
1177 2117 1385 2159 ‘Metelloz
1410 2118 1672 2157 Macedonici

193 2186 306 2234 filio',
350 2190 443 2227 loco
478 2190 720 2239 posteriore,
761 2190 877 2229 cuius
922 2195 1081 2238 partem
1122 2189 1337 2238 exscripsit
1367 2188 1538 2226 Mueller
1569 2187 1669 2225 edit.

192 2270 232 2307 p.
248 2267 322 2307 172
342 2256 391 2304 Q.
406 2256 630 2295 Caecilium
650 2257 863 2295 Metellum
880 2256 1214 2301 Macedonicum,
1237 2256 1440 2306 Scipionis
1462 2255 1671 2292 inimicum

193 2339 217 2363 a
247 2325 402 2362 Lucilio
442 2325 599 2363 laesum
629 2337 723 2363 esse
755 2325 867 2363 dicit.
902 2324 1114 2363 Metellum
1145 2323 1383 2374 Caprarium
1409 2323 1672 2362 Macedonici

191 2392 315 2430 filium
358 2404 383 2429 a
425 2398 553 2441 poeta
594 2393 754 2430 irrisum
797 2404 889 2430 esse
939 2393 1130 2441 probauit
1167 2392 1353 2429 Schmidt
1396 2392 1448 2428 de
1481 2391 1580 2428 libro
1611 2391 1669 2428 IX

192 2460 336 2498 Lucilii
366 2473 404 2509 p.
428 2460 452 2497 8
484 2457 611 2509 (conf.
641 2460 815 2499 Mueller
848 2460 946 2499 edit.
980 2472 1016 2510 p.
1053 2457 1150 2510 223)
1198 2471 1333 2510 neque
1364 2471 1444 2509 ego
1475 2458 1668 2510 reprobo:

190 2533 291 2576 puto
337 2533 477 2565 autem
515 2527 753 2577 Caprarium
791 2529 946 2565 laesum
982 2540 1074 2565 esse
1121 2528 1258 2577 potius
1295 2529 1335 2565 in
1374 2528 1479 2565 libris
1525 2528 1669 2564 ordine

192 2596 407 2645 prioribus,
439 2596 534 2646 quia
573 2596 801 2646 fragmenta
840 2608 945 2646 quae
977 2597 1032 2634 ad
1069 2596 1179 2634 illum
1208 2583 1437 2634 referuntur
1465 2608 1489 2634 a
1519 2594 1667 2639 doctis,

191 2664 233 2700 in
266 2663 376 2701 libris
404 2664 478 2701 illis
509 2665 771 2702 inueniuntur
802 2660 1008 2715 (Schmidt
1029 2664 1052 2704 l.
1076 2663 1134 2712 1.).
1181 2665 1236 2702 At
1265 2665 1306 2701 in
1337 2665 1395 2701 eis
1427 2664 1534 2701 libris
1566 2674 1668 2712 quos

327 2871 352 2915 ¹)
378 2872 485 2905 Hunc
518 2859 665 2904 uersum*
693 2872 729 2904 in
765 2872 889 2905 castris
922 2877 1003 2905 ante
1028 2873 1256 2907 Numantiam
1290 2883 1369 2906 esse
1402 2872 1569 2916 scriptum
1596 2883 1667 2917 quo

191 2931 331 2962 Musam
358 2930 602 2974 alloqueretur
628 2932 788 2965 Lucilius
814 2933 971 2965 Mueller
997 2934 1184 2966 arbitratur
1210 2933 1293 2967 edit.
1325 2945 1358 2977 p.
1386 2934 1425 2965 X
1452 2938 1487 2966 et
1513 2941 1593 2975 249.
