1894 3403
940 195 991 235 97

235 314 320 353 timi
348 310 495 351 Coelius
529 308 683 349 Caelius
714 308 844 348 Celz'us
856 306 900 359 ¹),
929 309 1044 347 unde
1074 308 1200 347 etiam
1216 309 1256 346 in
1282 307 1418 346 uerbis
1437 319 1462 346 a
1483 305 1702 345 Cornificio

235 380 469 430 subscriptis
502 385 643 417 natum
673 385 736 417 est
766 379 807 416 in
833 390 915 415 uno
947 378 1089 416 codice
1116 390 1148 417 π
1176 378 1348 427 Kayseri
1377 377 1476 415 illud
1500 375 1607 414 Coeli
1631 387 1705 426 pro

238 449 341 486 Aeli.
402 447 497 486 Sola
527 448 652 485 editio
683 446 940 486 Cratandrea
970 446 1095 484 habet
1127 446 1320 484 Lucilius.
1379 445 1463 483 Sed
1496 450 1608 483 recte
1637 455 1706 482 co-

238 516 351 554 dices
390 515 564 553 Coelius:
610 516 871 564 Antipatrum
911 514 1018 552 enim
1063 514 1264 564 significat
1296 513 1551 558 Cornificius,
1582 524 1706 563 quem

236 584 363 621 uerba
391 584 611 620 immodice
643 583 854 620 traiecisse
874 588 919 619 ut
940 582 1204 631 rhythmicam
1229 582 1458 619 orationem
1479 580 1662 618 efficeret
1682 591 1706 616 e

237 651 475 701 fragmentis
506 650 677 700 amplius
707 650 936 700 probarem,
967 649 1045 687 nisi
1076 649 1219 688 Cicero
1251 648 1455 687 Cornificii
1484 660 1642 686 memor
1661 648 1705 684 id

236 720 367 769 ipsum
405 719 584 757 dilucide
616 719 810 758 traderet.
876 718 1021 768 Itaque
1063 717 1211 755 sufficit
1247 716 1376 755 Coelii
1412 717 1507 754 belli
1538 716 1705 754 Poenici

235 787 471 837 posterioris
513 798 639 825 unum
678 787 922 836 subiungere
967 786 1240 835 fragmentum
1284 775 1399 836 apudv
1437 784 1544 824 Non.
1577 798 1617 835 p.
1650 784 1703 833 89

235 851 351 904 ‘Ipse
382 855 486 903 regis
516 855 675 892 eminus
706 865 814 905 equo
844 854 936 892 ferit
965 860 1110 904 pectus
1139 850 1382 891 aduorsum'
1413 865 1448 892 e.
1481 865 1520 903 q.
1539 864 1569 892 s.
1602 853 1705 891 Tra-

236 923 297 959 dit
330 927 468 960 autem
499 921 580 962 Cic.
598 933 654 961 or.
683 932 782 970 229:
814 918 918 959 ‘Sed
948 933 1140 971 magnam
1170 922 1506 959 exercitationem
1536 933 1602 958 res
1633 921 1703 957 fla-

235 989 350 1039 gitat,
381 1001 434 1026 ne
464 988 562 1039 quid
592 1000 734 1027 eorum
775 989 844 1039 qui
873 1000 1003 1039 genus
1048 988 1127 1027 hoc
1171 989 1302 1027 secuti
1345 1000 1430 1026 non
1469 994 1702 1034 tenuerunt,

237 1057 364 1094 simile
394 1056 602 1102 faciamus,
634 1070 680 1094 ne
711 1061 782 1093 aut
822 1057 943 1095 uerba
982 1059 1211 1094 traiciamus
1252 1061 1392 1105 aperte,
1436 1068 1517 1105 quo
1558 1057 1704 1094 melius

235 1130 306 1163 aut
335 1125 459 1168 cadat
489 1130 559 1163 aut
587 1124 776 1163 uoluatur
805 1125 961 1174 orati0;
992 1125 1105 1175 quod
1135 1136 1179 1163 se
1210 1124 1257 1164 L.
1290 1123 1454 1163 Coelius
1486 1125 1705 1175 Antipater

236 1193 278 1228 in
305 1193 515 1240 prooemio
545 1192 640 1228 belli
670 1191 811 1228 Punici
855 1193 933 1229 nisi
972 1193 1206 1229 necessario
1238 1192 1437 1229 facturum
1468 1199 1604 1240 negat.
1666 1192 1703 1229 O

238 1260 368 1298 uirum
399 1260 636 1310 simplicem,
668 1260 739 1310 qui
768 1259 865 1297 nihil
895 1273 972 1298 nos
1004 1261 1120 1306 celet,
1151 1260 1391 1310 sapientem,
1423 1260 1492 1309 qui
1522 1260 1704 1298 seruien-

237 1328 334 1363 dum
364 1327 601 1364 necessitati
630 1333 760 1375 putet.
821 1327 905 1364 Sed
940 1327 1004 1364 hic
1033 1328 1200 1363 omnino
1230 1328 1366 1376 rudis3
1403 1328 1522 1364 nobis
1564 1333 1705 1364 autern

236 1394 277 1431 in
305 1395 521 1432 scribendo
552 1389 678 1444 atque
708 1394 749 1431 in
778 1394 955 1432 dicendo
986 1394 1241 1432 necessitatis
1263 1394 1473 1432 excusatio
1505 1406 1592 1432 non
1607 1406 1701 1444 pro-

236 1463 366 1500 batur.
426 1462 533 1498 Nihil
560 1467 622 1498 est
652 1463 759 1498 enim
788 1473 961 1499 necesse
994 1467 1047 1509 et⁷
1092 1463 1126 1499 si
1167 1463 1267 1511 quid
1295 1469 1420 1506 esset,
1460 1463 1503 1499 id
1532 1475 1705 1500 necesse

238 1535 376 1568 tamen
406 1541 490 1567 non
534 1534 620 1566 erat
664 1527 858 1568 confiteri.
917 1528 971 1567 Et
1011 1528 1076 1568 hic
1119 1530 1300 1579 quidem,
1346 1530 1416 1579 qui
1449 1530 1550 1568 hanc
1593 1543 1617 1567 α
1651 1530 1700 1570 L.

213 1601 223 1615 ⁸
240 1599 354 1635 Aelio
385 1595 472 1647 (sic.
495 1597 672 1646 Popma:
704 1598 828 1636 codd.
850 1604 891 1635 et
912 1598 1027 1636 editt.
1047 1596 1220 1648 Laelio),
1242 1600 1298 1635 ad
1314 1612 1422 1647 quem
1451 1600 1613 1647 scripsit,
1639 1600 1703 1636 cui

237 1676 282 1703 se
312 1671 471 1715 purgat,
503 1665 669 1702 ueniam
697 1665 811 1714 petit,
841 1670 884 1702 et
913 1665 1038 1702 utitur
1084 1678 1128 1702 ea
1159 1666 1384 1703 traiectione
1423 1666 1630 1704 uerborum
1661 1673 1704 1704 et

237 1732 363 1769 nihilo
394 1738 531 1769 tamen
561 1733 695 1781 aptius
729 1733 864 1781 explet
896 1732 1187 1782 concluditque
1217 1730 1475 1772 sententias'.
1520 1735 1705 1783 Apparet

237 1800 357 1849 igitur
387 1799 573 1837 Coelium
617 1805 662 1836 ut
692 1799 919 1836 orationem
949 1811 1208 1837 numerosam
1221 1798 1254 1848 2)
1295 1800 1490 1846 efficeret,
1536 1813 1619 1851 qua
1650 1802 1704 1838 de

239 1879 281 1904 re
309 1873 398 1905 toto
427 1867 496 1904 illo
513 1867 603 1905 loco
621 1866 829 1905 Ciceronis
861 1868 1006 1917 agitur,
1035 1868 1275 1905 traiectione
1295 1874 1439 1917 aperta
1454 1880 1572 1906 usum
1597 1881 1705 1914 esse,

237 1947 372 1984 neque
403 1935 484 1971 iam
513 1935 744 1972 mirabimur
774 1935 907 1972 uerbis
939 1935 1011 1972 illis
1042 1936 1153 1984 apud
1183 1934 1443 1972 Cornificium

350 2002 423 2040 has
452 2014 516 2039 res
547 2003 602 2040 ad
631 2008 674 2039 te
704 2002 874 2051 scriptas
908 2002 1010 2040 Luci
1040 2002 1221 2040 misimus
1251 2002 1342 2040 Aeli

373 2158 401 2203 ¹)
429 2160 488 2192 Sic
515 2163 588 2191 tota
611 2159 720 2202 prima
744 2159 875 2191 familia
899 2159 1073 2198 codicum,
1100 2170 1202 2202 quam
1228 2159 1360 2192 ‘solam
1385 2171 1449 2202 pro
1476 2159 1704 2192 fundamento

239 2219 410 2261 genuinae
452 2218 643 2260 scripturae
678 2218 714 2249 in
743 2218 941 2249 uniuersum
975 2218 1162 2250 habemus’
1212 2217 1369 2261 (Kayser
1400 2219 1436 2249 in
1464 2219 1536 2250 edit
1573 2218 1706 2250 Cornif.

238 2290 270 2322 p.
297 2278 439 2322 XVII).
463 2278 505 2310 In
531 2277 635 2310 codd.
668 2277 768 2309 huius
795 2277 950 2310 familiae
976 2277 1117 2320 optimis
1145 2278 1305 2310 Parisino
1341 2288 1363 2320 p
1400 2282 1453 2310 est
1480 2277 1633 2317 Coelius,
1670 2278 1705 2310 in

238 2338 397 2370 Parisino
423 2348 450 2371 π
474 2340 510 2368 et
530 2336 806 2379 Herbipolitano
832 2336 867 2368 h.
889 2336 1045 2375 Caelius,
1075 2337 1112 2368 in
1136 2337 1363 2369 Erfordiensi
1387 2342 1422 2369 et
1446 2338 1656 2369 Emmerano
1685 2348 1709 2380 μ

243 2397 373 2430 Celz'us.
412 2396 470 2429 Sic
496 2395 598 2428 etiam
625 2395 729 2429 codd.
753 2395 951 2427 Turicensis
970 2401 983 2428 t
1001 2396 1200 2429 Vossianus
1226 2407 1272 2428 vo
1300 2404 1319 2428 2
1344 2396 1617 2438 Rhedigerarius
1635 2407 1656 2440 ρ
1679 2405 1708 2430 1.

241 2455 391 2488 Codices
417 2455 610 2487 deteriores
640 2454 740 2486 multi
770 2454 904 2487 habent
930 2454 1095 2494 cecilius,
1134 2465 1224 2497 quos
1260 2466 1463 2488 enumerare
1493 2455 1618 2488 inutile
1643 2461 1709 2498 est,

239 2515 321 2557 quia
346 2514 409 2546 illa
433 2513 541 2546 lectio
570 2512 700 2545 nullius
725 2513 839 2555 pretii.

375 2572 404 2618 2)
431 2573 534 2608 Conf.
560 2573 627 2615 frg.
655 2573 746 2616 apud
771 2573 866 2608 Non.
891 2585 926 2617 p.
947 2574 1008 2607 80:
1036 2572 1205 2607 ‘Tantum
1230 2573 1368 2606 bellum
1393 2574 1564 2606 suscitare
1591 2573 1711 2606 conari

240 2633 457 2666 aduersarios
497 2634 616 2665 contra
660 2632 835 2665 bellosum
873 2633 1010 2674 genus’.
1077 2633 1225 2666 Etiamsi
1265 2634 1344 2666 cod.
1384 2634 1564 2667 Guelferb.
1601 2634 1711 2666 habet

244 2692 408 2732 Cecz'lz‘us,
433 2696 550 2724 tamen
572 2692 682 2725 uerba
705 2692 754 2725 ita
778 2692 980 2735 scriptorem
1006 2692 1096 2725 belli
1113 2692 1341 2725 Hannibalici
1365 2693 1543 2732 redolent,
1569 2698 1608 2725 ut
1634 2703 1712 2725 curn

242 2752 365 2784 ceteris
403 2751 508 2784 codd.
542 2751 652 2783 Nonii
683 2751 808 2783 Coelio
840 2751 1039 2783 tribuantur
1070 2752 1209 2785 rectius.
1267 2752 1385 2784 Aliter
1417 2752 1463 2784 de
1501 2752 1557 2784 his
1593 2752 1714 2785 uerbis

239 2809 370 2842 iudicat
396 2811 457 2843 W.
483 2810 613 2851 Sieglin
640 2810 676 2841 in
701 2810 817 2842 annal.
843 2810 1020 2843 Fleckeis.
1045 2811 1104 2841 XI
1131 2810 1301 2854 supplem.
1327 2822 1361 2853 p.
1389 2819 1420 2851 9.

1433 2878 1452 2911 7
