1894 3403
449 473 509 522 V.
541 475 636 523 DE
673 471 1116 524 ARGVMENTO
1153 472 1330 521 LIBRI
1366 472 1497 522 XIV.

372 593 421 636 U.
453 606 535 645 403
566 596 601 635 L
637 608 651 635 1
688 597 751 637 M:

351 664 405 700 ad
435 676 573 713 regem
607 661 772 714 legatu',
802 664 1008 709 Rhodum,
1040 664 1294 702 Ecbatanam
1333 677 1382 703 ac
1414 665 1665 714 Babylonem

349 730 431 775 ibo,
464 743 672 769 cercurum
703 743 873 771 sumam.

237 797 482 837 Bouterwek
512 800 566 838 de
597 799 749 838 Lucilio
775 798 938 838 satirico
974 811 1013 850 p.
1047 810 1073 848 9
1115 798 1215 837 alios
1248 804 1414 837 secutus
1447 798 1550 837 haec
1580 800 1707 838 uerba

235 867 452 904 arbitratur
480 879 572 906 esse
603 868 744 906 Lucilii
785 868 910 917 ipsius
951 867 1140 916 negantis
1177 878 1269 904 sese
1309 878 1455 904 munus
1497 867 1699 904 eiusmodi

235 941 538 985 suscepturum:
583 937 696 986 quod
739 936 922 985 ineptum
964 946 1057 972 esse
1102 939 1273 983 apparet
1317 934 1384 972 uel
1428 935 1540 980 inde,
1587 936 1702 985 quod

236 1003 365 1040 uerba
396 1008 479 1040 tam
509 1004 702 1041 distincta
731 1015 815 1041 non
849 1009 1022 1053 possunt
1053 1014 1137 1040 non
1161 1008 1349 1052 spectare
1371 1004 1426 1040 ad
1447 1015 1531 1040 rem
1554 1010 1707 1041 certam

236 1082 285 1107 ac
317 1081 473 1107 ueram:
506 1082 544 1109 u.
576 1080 654 1120 527
674 1071 707 1108 L
725 1070 861 1108 XXVI
888 1070 936 1108 16
958 1070 1001 1107 M
1031 1071 1151 1119 longe
1183 1071 1366 1107 diuersus
1388 1076 1464 1109 est.
1499 1070 1701 1108 Dicuntur

235 1137 301 1174 illa
332 1138 419 1174 sine
450 1137 576 1174 dubio
613 1149 637 1174 a
673 1138 759 1175 uiro
790 1149 973 1175 summae
1004 1138 1215 1186 dignitatis
1233 1134 1265 1188 ¹)
1296 1138 1337 1174 in
1368 1138 1588 1187 republica,
1636 1139 1706 1188 qui

236 1216 328 1242 sese
373 1205 552 1254 legatum
582 1205 723 1255 populi
752 1205 930 1243 Romani
975 1206 1029 1243 ad
1071 1217 1210 1254 regem
1241 1206 1461 1254 quendam,
1494 1205 1703 1251 Rhodum,

235 1273 277 1309 in
307 1273 461 1322 Syriam
509 1285 600 1310 esse
638 1274 787 1310 iturum
817 1279 954 1311 narrat
1000 1274 1051 1311 ab
1090 1274 1241 1310 eodem
1281 1274 1321 1309 ni
1352 1273 1468 1311 fallor
1498 1275 1701 1311 consulari

234 1340 299 1378 uel
329 1340 534 1390 praetorio
565 1341 633 1390 qui
663 1341 761 1378 dicit
793 1353 830 1378 u.
864 1350 938 1389 391
977 1340 1009 1377 L
1046 1351 1092 1389 19
1124 1340 1189 1378 M:

348 1408 504 1446 Publiu'
536 1407 662 1446 Pauu'
693 1406 846 1457 mihi-l‘
878 1408 1126 1446 Turbitanus
1158 1414 1353 1457 quaestor
1383 1408 1535 1445 Hibera

344 1477 386 1513 in
416 1482 523 1514 terra
544 1477 631 1521 fuit,
662 1477 876 1525 lucifugus,
908 1476 1060 1513 nebulo
1092 1477 1135 1512 id
1163 1476 1285 1524 genu’
1318 1488 1431 1515 sane.

235 1543 291 1581 Ut
321 1544 456 1582 breuis
488 1545 575 1590 sim,
621 1544 797 1582 Lucilius
828 1544 907 1580 hoc
940 1544 1039 1581 libro
1072 1543 1304 1593 Scipionem
1335 1544 1497 1581 induxit
1530 1544 1699 1593 loquen-

234 1617 328 1662 tem,
366 1624 489 1661 quem
526 1625 551 1650 a
582 1613 766 1662 sapiente
798 1612 952 1649 Lucilio
999 1612 1192 1661 scriptum
1236 1624 1329 1649 esse
1377 1619 1418 1649 et
1464 1614 1614 1650 iustum
1659 1619 1700 1649 et

233 1679 381 1717 fortem
412 1685 495 1718 tarn
527 1679 719 1717 Horatius
750 1679 848 1716 dicit
878 1691 1001 1728 quam
1039 1691 1090 1716 ex
1120 1685 1271 1728 poetae
1302 1681 1426 1729 ipsius
1460 1681 1698 1729 fragmentis

233 1746 417 1785 efficitur.
459 1746 662 1795 Tangitur
682 1747 909 1795 fragmento
939 1747 1068 1795 primo
1102 1747 1254 1795 legatio
1285 1747 1351 1784 illa
1374 1748 1588 1785 Aemiliani
1619 1759 1700 1796 qua

233 1819 362 1851 totum
394 1814 477 1852 fere
509 1815 648 1852 orbem
679 1822 871 1853 terrarum
902 1815 1003 1852 obiit
1032 1826 1233 1864 persaepe
1266 1828 1289 1852 a
1320 1815 1584 1864 scriptoribus
1614 1814 1700 1852 lau-

232 1882 342 1921 data.
402 1880 541 1932 (Conf.
573 1884 626 1919 de
664 1888 848 1931 tempore
887 1882 1003 1918 huius
1037 1881 1254 1929 legationis
1284 1882 1525 1919 Muellerum
1556 1882 1699 1930 fragm.

232 1949 323 1989 hist.
348 1950 418 1989 Gr.
439 1950 477 1987 II
496 1963 535 2000 p.
556 1947 666 2000 XX.)
699 1948 784 1989 Cic.
815 1950 945 1987 Acad.
975 1949 1010 1986 11
1045 1960 1067 1998 5
1105 1945 1305 1987 ‘Africani
1324 1981 1332 1989 .
1352 1980 1361 1988 .
1380 1978 1389 1987 .
1421 1950 1460 1986 in
1493 1950 1700 1998 legatione

230 2017 297 2055 illa
329 2019 455 2055 nobili
485 2030 607 2067 quam
650 2024 744 2056 ante
776 2016 830 2067 (Ρ)
849 2017 883 2067 2)
913 2030 1126 2055 censuram
1163 2018 1263 2054 obiit
1294 2018 1536 2055 Panaetium
1572 2030 1699 2055 unum

231 2086 397 2123 omnino
428 2086 619 2124 comitem
637 2086 786 2123 fuisse'.
836 2085 900 2122 De
930 2097 1015 2134 rep.
1039 2084 1095 2122 VI
1124 2096 1165 2122 11
1201 2081 1324 2122 ‘Cum
1355 2091 1492 2123 autem
1522 2086 1699 2123 Kartha-

228 2153 366 2201 ginem
387 2153 586 2190 deleueris
608 2182 616 2191 .
636 2181 644 2190 .
665 2183 672 2191 .
696 2158 736 2189 et
758 2153 908 2189 obieris
926 2138 1102 2200 'legatus
1126 2153 1360 2201 Aegyptum
1381 2153 1537 2201 Syriam
1559 2154 1699 2190 Asiam

231 2216 466 2257 Graeciam'
483 2232 519 2258 e.
538 2232 575 2269 q.
597 2231 628 2259 s.
647 2219 843 2258 Posidon.
864 2231 929 2268 ap.
948 2218 1050 2258 Plut.
1075 2231 1167 2256 curn
1188 2219 1314 2268 princ.
1336 2230 1428 2256 esse
1459 2219 1591 2268 philos
1609 2219 1627 2256 Ι
1652 2230 1696 2256 12

227 2285 453 2336 Σκηπίων.
487 2319 494 2326 .
527 2319 534 2327 .
567 2284 640 2327 ὅτε
672 2284 805 2327 αὐτὸν
836 2283 861 2334 ἡ
893 2284 1137 2335 σύγκλητος
1170 2284 1407 2335 ἐξέπεμψεν
1438 2284 1697 2336 (ἀνθρώπων

227 2351 346 2405 ὕβριν
373 2366 419 2395 τε
440 2353 509 2395 καὶ
540 2352 741 2405 εὐνομίην
771 2350 1017 2404 ἐφορῶντα>
1057 2351 1235 2401 (Clitom.
1268 2366 1332 2403 ap.
1364 2353 1465 2393 Plut.
1499 2354 1695 2404 apophth.

365 2477 390 2519 ¹)
414 2479 567 2518 Legatus
595 2477 685 2508 enim
711 2476 835 2519 populi
862 2476 1026 2514 Romani,
1053 2475 1097 2507 de
1123 2486 1194 2517 quo
1220 2486 1365 2507 munere
1389 2476 1473 2508 uide
1501 2477 1697 2510 Mommse-

228 2546 310 2568 num
329 2537 458 2569 Roem.
478 2536 621 2570 Staatsr.
634 2536 652 2567 I
670 2546 703 2578 p.
718 2535 799 2578 656,
817 2534 972 2566 Lucilius
990 2535 1187 2566 Suessanus
1205 2533 1280 2565 fieri
1298 2534 1396 2565 nulla
1416 2534 1554 2566 ratione
1571 2537 1697 2578 potuit.

361 2595 389 2639 ²)
415 2597 530 2628 Recte
544 2595 700 2627 Mueller
725 2594 845 2635 fragm.
874 2593 954 2625 hist.
982 2593 1041 2625 Gr.
1056 2593 1092 2623 ΙΙ
1108 2603 1144 2635 p.
1159 2592 1238 2623 XX
1260 2592 1378 2624 statuit
1394 2592 1601 2626 Ciceronem
1627 2595 1697 2627 hoc

225 2654 307 2686 loeo
335 2664 448 2686 errare
465 2654 736 2696 Scipionemque
761 2656 844 2695 post
869 2662 1051 2683 censuram
1078 2662 1170 2682 anno
1197 2651 1270 2683 fere
1297 2651 1454 2693 6191135
1483 2651 1698 2693 legationem

224 2713 323 2746 illam
360 2713 576 2756 suscepisse:
617 2711 827 2753 argumentis
864 2710 916 2742 ibi
952 2710 1100 2754 prolatis
1128 2710 1218 2742 adde
1245 2710 1326 2747 hoc,
1359 2711 1456 2752 quod
1484 2711 1697 2745 Plutarchus

224 2772 260 2804 in
286 2771 454 2815 apophth.
482 2771 576 2813 Scip.
609 2771 691 2803 min.
726 2770 865 2812 optimis
904 2769 967 2801 ille
1006 2769 1147 2812 quidem
1184 2768 1344 2801 fontibus
1384 2780 1470 2803 usus
1503 2770 1696 2812 legationis

229 2836 311 2864 ante
336 2831 471 2864 bellum
497 2831 757 2869 Numantinum,
783 2835 863 2873 post
888 2840 1069 2862 censuram
1095 2829 1269 2872 Scipionis
1296 2829 1463 2862 meminit.

1477 2889 1497 2921 6
