1894 3403
943 238 995 277 37

235 361 342 400 quae
385 355 481 399 apte
524 352 846 401 interpretabere
893 352 992 391 Hor.
1036 358 1111 391 sat.
1143 352 1181 389 II
1212 363 1235 400 3
1269 365 1363 391 cum
1395 358 1496 398 tota,
1527 358 1613 390 tum
1643 365 1710 391 uu.

237 426 287 467 77
322 428 410 469 sqq.
437 419 704 469 comparatis:

349 485 504 523 Audire
535 491 660 536 atque
693 491 833 537 togam
862 487 986 525 iubeo
1018 498 1279 537 componere,
1311 488 1492 539 quisquis

346 554 568 592 ambitione
598 555 705 593 mala
734 560 805 593 aut
835 556 995 606 argenti
1025 556 1153 606 pallet
1183 567 1322 594 amore

347 622 529 672 quisquis
553 624 709 660 luxuria
739 623 895 660 tristiue
926 624 1218 673 superstitione

345 695 416 727 aut
447 690 526 728 alio
556 691 704 729 mentis
734 690 876 729 morbo
905 692 1038 731 calet:
1070 690 1149 729 huc
1178 691 1363 742 proprius
1395 703 1473 739 me,

346 758 445 795 dum
474 760 608 796 doceo
638 759 815 797 insanire
845 771 1002 803 omnes,
1032 771 1107 797 uos
1138 759 1282 797 ordine
1312 761 1438 799 adite.

234 826 380 865 Exstat
418 828 560 866 tertius
599 840 636 868 u,
668 827 748 867 628
779 827 812 865 L
860 839 913 878 39
943 827 1009 867 M:
1054 824 1182 879 ‘quae
1213 825 1366 878 pietas!
1412 829 1709 878 monogrammi

235 896 415 946 quinque
447 897 614 934 adducti
642 897 838 945 pietatem
868 892 1044 934 uocant'
1088 897 1157 946 qui
1198 896 1295 934 mihi
1323 897 1510 935 nondum
1547 897 1710 934 uidetur

233 967 304 999 aut
334 964 575 1001 emendatus
607 969 677 1001 aut
708 964 806 1001 satis
838 963 1065 1012 explicatus
1097 975 1203 1001 esse.

367 1145 477 1184 Libri
507 1145 686 1183 XXVIII
716 1158 754 1183 u.
776 1144 855 1182 682
875 1145 908 1183 L
940 1146 1054 1193 46M
1083 1152 1194 1185 recte
1224 1146 1394 1196 praebet
1425 1147 1552 1185 editio
1574 1148 1706 1185 Muel-

236 1214 407 1252 leriana:
566 1207 569 1210 ’

345 1282 598 1321 Socraticum
635 1283 805 1333 quidam
843 1289 1016 1332 tyranno
1044 1283 1168 1321 misse
1199 1283 1448 1333 Aristippum
1478 1289 1705 1322 autumant.

236 1349 484 1400 Quanquam
512 1351 620 1388 enim
650 1351 837 1388 maluerit
867 1351 956 1401 quis
988 1352 1171 1389 senarios
1201 1352 1428 1397 restituere,
1460 1353 1530 1402 qui
1560 1351 1704 1389 ceteris

234 1418 421 1456 trimetris
466 1418 749 1468 philosophica
796 1419 1099 1456 continentibus
1150 1419 1389 1465 adiciantur,
1435 1425 1575 1457 tamen
1625 1419 1705 1457 hoc

231 1485 363 1535 ipsum
379 1485 644 1524 Lachmanno
674 1498 816 1536 pamm
848 1486 1018 1523 feliciter
1047 1486 1172 1523 cessit
1202 1505 1254 1512 —
1284 1498 1380 1523 nam
1410 1487 1464 1523 de
1495 1486 1703 1536 Aristippo

231 1564 256 1589 a
286 1552 456 1590 Socrate
477 1552 676 1602 Dionysio
706 1553 830 1591 misso
861 1553 916 1590 nil
947 1553 1093 1591 scimus
1126 1573 1179 1579 -
1208 1564 1343 1604 neque
1375 1555 1596 1604 assequare
1626 1553 1704 1591 nisi

230 1619 380 1656 iniuste
405 1620 554 1657 tradita
586 1620 711 1657 uerba
741 1632 840 1669 agas
871 1626 913 1657 et
943 1620 1061 1659 feras.
1114 1620 1431 1658 Commendauit
1459 1626 1554 1669 post
1569 1620 1702 1658 Lach-

230 1699 426 1725 mannum
463 1687 677 1726 Francken
708 1688 731 1727 l.
762 1688 783 1728 l.
814 1700 853 1737 p.
887 1699 908 1725 2
914 1699 951 1737 3,
998 1688 1066 1738 qui
1111 1688 1246 1726 scribit
1287 1688 1537 1738 ‚,quiddam“
1581 1688 1703 1725 aliam

230 1754 620 1804 interpretationem.
692 1755 824 1793 Huius
864 1755 1070 1793 sententia
1113 1751 1359 1793 ‘secundum
1388 1761 1556 1804 poetam
1593 1754 1703 1792 fama

231 1821 317 1867 fuit,
350 1822 542 1871 scriptum
573 1823 726 1873 aliquid
757 1823 934 1861 Socratis
965 1822 1062 1860 olim
1092 1822 1144 1861 ab
1174 1823 1384 1872 Aristippo
1407 1822 1607 1873 Dionysio
1627 1823 1702 1860 da-

230 1894 316 1926 tum
347 1885 502 1928 fuisse'.
564 1890 683 1937 Quae
715 1891 920 1928 sententia
937 1890 1048 1928 nulla
1077 1902 1119 1926 re
1150 1890 1356 1938 probatur.
1416 1890 1516 1927 Mihi
1537 1890 1700 1928 uidetur

231 1955 465 1995 Socraticum
485 1958 688 2008 pertinere
718 1958 774 1996 ad
791 1958 1043 2007 Aristippum,
1075 1957 1144 2008 qui
1174 1957 1230 1996 sic
1260 1957 1402 1996 audire
1434 1957 1565 1996 soleat
1594 1954 1699 2009 (Cic.

231 2024 286 2061 ad
328 2023 423 2063 fam.
454 2024 512 2062 IX
546 2024 611 2070 26,
645 2036 666 2062 2
710 2025 893 2064 Tusc.II
929 2023 1006 2074 15).
1071 2023 1183 2071 Quid
1226 2025 1456 2074 Aristippus
1502 2024 1702 2074 Dionysio

230 2092 382 2130 miserit
423 2093 610 2131 uidemus
641 2106 693 2131 ex
722 2093 859 2131 Laert.
891 2093 928 2130 II
959 2092 1032 2141 83:
1069 2089 1155 2132 Τοῦ
1199 2090 1246 2132 δὲ
1278 2090 1543 2142 Κυρηναϊκοῦ
1581 2091 1703 2142 φιλο-

229 2156 377 2210 σόφου
406 2158 584 2210 φέρεται
616 2158 763 2211 βιβλία,
807 2158 903 2211 τρία
934 2159 1009 2210 μὲν
1037 2157 1234 2210 ἱστορίας
1274 2160 1360 2200 τῶν
1397 2158 1506 2199 κατὰ
1535 2157 1702 2210 Λιβύην,

230 2224 599 2278 ἀπεσταλμένα
629 2226 849 2282 Διονυσίῳ
862 2224 905 2281 ¹),
946 2227 994 2269 ἓν
1029 2227 1077 2269 δὲ
1107 2226 1153 2269 ἐν
1183 2226 1218 2282 ᾧ
1249 2225 1444 2276 διάλογοι
1473 2226 1601 2268 πέντε
1632 2226 1702 2268 καὶ

229 2291 393 2336 εἴκοσιν
423 2295 508 2336 κτλ.
567 2296 712 2334 Exstat
742 2297 866 2335 etiam
895 2296 997 2335 alius
1028 2296 1138 2341 liber,
1169 2293 1291 2345 χρεία
1321 2293 1434 2345 πρὸς
1462 2292 1701 2336 Διονύσιον

229 2364 466 2414 inscriptus:
497 2360 648 2414 (Laert.
680 2364 777 2404 ibid.
809 2361 899 2414 84):
932 2365 1008 2403 sed
1038 2365 1216 2414 priorem
1249 2363 1464 2413 significari
1494 2376 1519 2402 a
1541 2363 1697 2402 Lucilio

230 2431 326 2469 ideo
355 2432 440 2470 ueri
462 2432 625 2470 similius
647 2438 723 2478 est,
755 2433 868 2482 quod
889 2432 1109 2471 Panaetius
1131 2432 1287 2470 Lucilio
1318 2431 1405 2470 sine
1427 2432 1555 2470 dubio
1576 2437 1701 2469 notus

231 2499 441 2537 Sotionem
472 2505 635 2537 secutus
665 2500 775 2537 illum
805 2500 947 2537 librum
978 2511 1029 2536 ex
1058 2499 1192 2537 indice
1218 2499 1544 2549 Aristippeorum
1575 2499 1701 2549 scrip-

234 2571 369 2604 torum
400 2567 531 2611 eiecit,
575 2566 684 2605 hunc
713 2567 882 2617 agnouit
912 2567 1068 2617 (Laert.
1099 2567 1121 2606 1.
1154 2567 1179 2604 1.
1212 2565 1296 2617 85).
1353 2567 1417 2605 Ita
1446 2567 1575 2605 uerba
1616 2567 1703 2615 qui-

231 2635 318 2672 dam
348 2664 356 2672 .
390 2664 398 2672 .
435 2666 443 2674 .
475 2639 680 2672 autumant
706 2635 850 2673 melius
881 2634 1183 2685 intelleguntur,
1215 2640 1259 2672 ut
1290 2634 1438 2685 quibus
1468 2635 1523 2673 de
1554 2646 1596 2672 re
1616 2646 1701 2672 am-

366 2807 394 2849 ¹)
419 2807 679 2843 Ἀποστέλλειν
712 2813 765 2841 est
789 2811 1051 2852 προσφωνεῖν·
1091 2819 1160 2841 uno
1184 2808 1253 2841 hoc
1289 2808 1370 2841 loco
1396 2808 1519 2841 inueni
1553 2809 1701 2842 uerbum

228 2866 320 2900 illud
349 2878 390 2900 ea
416 2867 668 2911 significatione
694 2868 843 2913 positum
869 2878 938 2913 qua
965 2868 1057 2902 solet
1082 2869 1209 2902 Latine
1237 2868 1246 2880 ‘
1261 2869 1398 2902 mittere
1412 2868 1432 2904 ³.
