1894 3403
1249 0 1403 33 “xp-4.
1454 0 1466 5 ,
1533 0 1535 2 .
1662 0 1664 2 .

948 317 1000 357 32

234 435 330 485 gius
363 432 596 483 Trszhallus
615 434 881 483 trzporlentum
907 434 1119 471 triscurria
1140 434 1346 483 trz'parcus.
1379 432 1500 482 Quae
1515 431 1721 473 uocabula

239 515 331 540 cum
363 502 447 539 fere
481 502 619 540 omnia
646 498 760 542 ἅπαξ
791 497 993 550 εἰρημένα
1026 502 1120 547 sint,
1162 502 1228 539 uel
1263 502 1360 539 inde
1391 497 1635 553 intellegitur
1664 503 1721 541 ad

238 570 441 607 eiusmodi
484 569 808 618 compositiones
855 569 1038 618 linguam
1082 569 1263 619 inprimis
1310 580 1403 607 esse
1449 580 1719 619 propensam;

237 637 414 674 Accedit
457 637 573 686 quod
603 637 823 686 praecipue
853 636 894 673 in
927 637 1122 673 conuiciis
1167 637 1370 674 eiusmodi
1416 638 1543 675 uerba
1585 637 1722 675 solent

238 716 313 742 usu
342 704 496 748 uenire,
527 703 641 741 uelut
670 702 798 755 trgfur
822 701 1056 754 lrz'surczser
1085 702 1309 752 trz'uenefica
1339 704 1556 741 trz'uerbero
1586 705 1721 742 trima-

234 773 355 821 slzgria
388 770 530 820 (Ribb.
561 771 606 810 fr.
641 783 747 810 com.
781 771 872 810 Lat.
902 783 942 821 p.
966 774 1066 820 323)
1097 772 1235 809 omnia
1265 770 1369 809 haec
1398 777 1565 822 praeter
1593 784 1720 825 unum

235 839 352 887 quod
400 838 462 875 bis
512 838 718 875 inuenitur
767 835 878 878 ἅπαξ
922 834 1123 886 εἰρημένα
1137 835 1180 886 ¹).
1258 839 1409 887 Augeri
1453 839 1493 876 in
1530 839 1721 877 omnibus

234 905 322 942 istis
353 906 566 944 uocabulis
604 907 687 943 uim
729 906 1035 955 significationis
1072 906 1266 954 idemque
1301 902 1514 957 {accidisse
1552 906 1593 943 in
1638 918 1721 943 ser-

235 984 359 1009 mone
391 972 556 1011 Graeco
602 974 790 1011 omnibus
841 980 1095 1023 compertum
1139 979 1204 1010 est
1251 978 1295 1010 et
1338 973 1485 1010 nostris
1532 979 1574 1010 et
1617 974 1721 1011 anti-

235 1040 327 1090 quis
359 1040 657 1090 grammaticis:
689 1040 798 1080 conf.
830 1040 1019 1079 Eustath.
1051 1041 1107 1078 ad
1136 1037 1170 1079 Θ
1197 1039 1280 1088 488
1292 1038 1347 1090 ²):
1378 1036 1636 1089 Τρισάθλιος
1656 1071 1664 1079 .
1683 1071 1691 1079 .
1710 1068 1718 1076 .

235 1104 613 1156 τρισκακοδαίμων
644 1139 652 1147 .
685 1138 693 1147 .
726 1139 733 1146 .
765 1104 1022 1157 τρισόλβιος.
1081 1104 1269 1146 Τοιαῦτα
1300 1105 1347 1146 δὲ
1383 1104 1453 1146 καὶ
1489 1103 1600 1156 ἅπερ
1635 1106 1721 1146 τῶν

235 1186 300 1224 τις
329 1174 526 1215 παλαιῶν
555 1172 679 1215 ἔθετο
711 1172 1038 1224 παραδείγματα
1070 1173 1352 1225 βλασφημιῶν
1382 1173 1468 1214 τῶν
1490 1170 1575 1214 ἀπὸ
1606 1171 1721 1224 ἀριθ-

237 1242 330 1293 μοῦ,
362 1238 460 1283 οἷον
482 1240 746 1293 τρισεξώλης
777 1240 802 1282 ὁ
832 1240 947 1282 πάνυ
978 1240 1152 1292 ἐξώλης,
1183 1240 1254 1281 καὶ
1280 1254 1303 1282 τ
1313 1240 1539 1292 ριπέδων
1569 1239 1594 1282 ὁ
1617 1242 1720 1282 πολ-

236 1308 357 1359 λάκις
387 1309 588 1359 πεδηθεὶς
618 1310 867 1360 πανοῦργος
890 1310 1060 1360 δοῦλος,
1098 1308 1149 1359 ὃς
1179 1308 1248 1349 καὶ
1278 1309 1422 1351 πέδων
1450 1309 1644 1361 πέδωνος
1674 1308 1721 1351 ἑν

236 1375 444 1427 ἁπλότητι
474 1376 655 1429 λέγεται,
693 1375 763 1417 καὶ
800 1375 962 1425 στίγων
1001 1374 1145 1417 εἴτουν
1185 1376 1450 1427 στιγματίας.
1510 1376 1637 1428 Φέρει
1674 1377 1722 1418 δὲ

236 1443 306 1484 καὶ
350 1442 436 1485 ἀπὸ
471 1443 670 1495 χρήσεως
715 1445 793 1485 τοῦ
838 1445 1026 1495 κωμικοῦ
1064 1442 1136 1496 τό·
1181 1442 1448 1496 παλίμβολος
1488 1443 1721 1496 τρίπρατος

236 1511 306 1552 καὶ
341 1510 549 1561 πολλάκις
590 1509 974 1562 ἀπημπολημένος.
1034 1511 1266 1562 Σοφοκλῆς
1298 1511 1346 1552 δὲ
1382 1510 1610 1562 τρίδουλον
1646 1511 1722 1553 τὸν

235 1578 282 1619 ἐκ
310 1577 541 1629 προγόνων
571 1579 731 1619 δοῦλον
762 1577 860 1629 ἔφη,
892 1577 1138 1628 Ἀνακρέων
1170 1578 1217 1618 δὲ
1237 1579 1628 1629 τρισκεκορημένον
1645 1578 1721 1620 τὸν

234 1645 443 1698 πολλάκις
481 1644 854 1697 ἐκσεσαρωμένον,
895 1644 1153 1697 Ἀρχίλοχος
1202 1645 1249 1686 δὲ
1286 1646 1558 1697 τρισοιζυρὴν
1596 1645 1722 1688 πόλιν

235 1713 319 1766 ἔφη
351 1715 430 1765 τὴν
463 1713 626 1766 Θάσον,
669 1712 879 1757 Ἱππῶναξ
920 1714 968 1755 δὲ
998 1713 1075 1755 τὸν
1105 1713 1200 1765 τρία
1231 1712 1508 1766 ὑπεραναβὰς
1539 1712 1719 1766 ἀριθμὸν

235 1780 505 1824 ἑπτάδουλον
536 1780 619 1834 ἔφη
650 1780 757 1824 τινά.
818 1784 944 1821 Adde
965 1780 1156 1833 τριγίγας
1177 1780 1411 1833 τρίπαλτος
1431 1781 1719 1833 τριπιθήκινος

234 1851 551 1901 τριπανοῦργος
581 1852 670 1890 alia.
729 1851 856 1889 Ludit
886 1852 1009 1901 igitur
1042 1858 1169 1901 poeta
1200 1852 1433 1889 libertinum
1463 1858 1632 1902 propter
1661 1852 1720 1889 ui-

237 1919 345 1957 bices
376 1919 540 1969 flagello
572 1918 716 1967 factas,
749 1924 794 1956 ut
823 1918 1020 1957 Martialis
1052 1919 1278 1969 compedes
1305 1919 1462 1969 priores
1484 1920 1586 1957 Zoili
1617 1920 1721 1957 ludit

238 1987 300 2024 ΠΙ
334 1997 385 2036 29
417 1987 475 2024 XI
505 1983 624 2038 37³):
668 1986 857 2025 formauit
887 1993 1026 2024 autem
1057 1998 1202 2025 uocem
1231 1987 1353 2035 istam
1383 1988 1565 2024 tricorius
1594 1984 1722 2037 (conf.

237 2054 462 2091 durz‘corius
497 2066 562 2103 ap.
601 2053 784 2092 Macrob.
812 2054 868 2090 111
908 2064 972 2105 20,
1009 2056 1047 2101 1)
1087 2055 1142 2090 ad
1183 2054 1489 2092 similitudinem
1531 2053 1720 2092 Graecae

234 2119 462 2171 τριπέδων,
495 2133 603 2171 quae
635 2120 838 2171 significat
869 2120 1116 2167 ferriterum,
1158 2121 1226 2171 qui
1255 2121 1336 2159 iam
1368 2127 1451 2159 tres
1496 2122 1722 2171 compedes

235 2190 426 2227 contriuit
456 2189 605 2238 (Plaut.
638 2188 757 2239 Capt.
787 2188 846 2226 IV
878 2199 915 2234 2,
952 2187 1048 2238 108)
1100 2200 1241 2227 uersus
1272 2189 1387 2227 istius
1419 2188 1596 2227 Plautini
1635 2189 1722 2226 sine

374 2380 402 2423 ¹)
428 2380 517 2422 Agit
545 2381 588 2412 de
617 2373 749 2413 talibus
776 2380 1046 2413 formationibus
1063 2382 1178 2413 Uarro
1208 2386 1275 2414 sat.
1305 2389 1370 2424 179
1389 2383 1419 2413 B
1446 2380 1564 2422 Quid?
1589 2386 1627 2413 tu
1652 2390 1722 2412 non

236 2440 339 2472 uides
366 2440 402 2471 in
428 2440 555 2480 uineis,
583 2440 678 2483 quod
704 2440 769 2471 tria
793 2439 874 2482 pala
902 2439 1066 2479 habeant,
1094 2440 1238 2483 tripales
1267 2439 1361 2473 dici?

375 2511 404 2555 ¹²)
430 2511 484 2542 Ex
511 2510 668 2543 Suetonii
688 2510 781 2542 libro
807 2511 892 2553 περὶ
908 2509 1123 2554 δυσφήμων
1140 2510 1278 2545 λέξεων
1291 2511 1376 2553 ἤτοι
1391 2511 1639 2553 βλασφημιῶν
1661 2509 1722 2543 καὶ

235 2569 354 2604 πόθεν
382 2569 543 2611 ἑκάστη;
572 2569 697 2601 Miller
714 2569 903 2611 Melanges
931 2570 975 2602 de
1003 2570 1194 2602 litterature
1213 2581 1365 2614 grecque
1391 2581 1426 2613 p.
1444 2577 1512 2612 325
1538 2568 1722 2612 Aristoph.

235 2629 320 2672 Byz.
349 2628 405 2662 ed,
434 2628 563 2660 Nauck
588 2639 623 2671 p.
655 2636 733 2670 177.
760 2628 953 2660 Fresenius
980 2628 1024 2660 de
1050 2628 1232 2672 Aristoph.
1258 2633 1292 2661 et
1314 2629 1411 2661 Suet.
1439 2628 1612 2671 excerptis
1638 2628 1723 2671 Byz.

237 2699 272 2731 p.
304 2696 369 2720 112
398 2692 432 2719 et
463 2695 540 2730 145.

372 2756 403 2803 ³)
429 2757 598 2791 Similiter
622 2758 717 2792 Plut.
745 2763 880 2801 quaest.
908 2758 1044 2791 conuiu.
1072 2759 1108 2790 II
1138 2766 1167 2800 1,
1195 2766 1236 2790 12
1264 2756 1518 2801 ἀπελεύθερον
1542 2757 1722 2792 νεόπλου-

234 2829 304 2852 τον
330 2818 522 2859 interrogat
557 2818 686 2861 aliquis
724 2821 807 2860 πῶς
844 2819 884 2853 ἐκ
924 2820 1003 2852 τῶν
1042 2820 1189 2852 λευκῶν
1225 2817 1285 2851 καὶ
1310 2815 1482 2860 μελάνων
1514 2816 1722 2860 ἱμάντων

237 2880 403 2922 φοινικοῖ
427 2876 597 2920 γίνονται
624 2878 809 2919 μώλωπες
836 2877 1010 2921 (Macrob.
1039 2879 1112 2910 VII
1131 2886 1163 2919 3,
1186 2876 1258 2921 13):
1286 2877 1457 2920 εὐτυχῶν
1483 2875 1723 2920 μαστιγίας

240 2938 283 2968 de
310 2937 462 2980 Polybio
489 2937 628 2969 Claudii
654 2937 820 2970 libertino
846 2938 955 2971 Mein.
977 2948 1063 2971 com.
1080 2937 1139 2971 Gr.
1158 2948 1190 2980 4,
1206 2938 1286 2978 614.
1314 2937 1413 2970 conf.
1428 2939 1559 2970 Anacr.
1579 2936 1644 2978 frg.
1666 2943 1721 2968 21.
