1894 3403
913 318 963 354 42

205 431 336 480 sisset,
370 432 585 476 uomicam,
616 444 723 483 quae
754 444 778 469 a
808 432 917 470 nullo
947 433 1201 471 medicorum
1223 434 1357 471 sanari
1387 438 1591 484 potuerat,
1622 434 1678 471 ita

204 499 323 548 rupit,
353 505 399 537 ut
428 499 635 537 hominem
662 500 858 549 pestifero
888 501 996 538 malo
1029 498 1247 540 liberaret’.

345 721 454 758 Libri
490 721 608 759 XXX
664 721 893 770 fragmenta
944 721 1141 758 nonnulla
1187 721 1335 758 eadem
1386 721 1544 758 ratione
1598 732 1680 770 qua

205 794 330 826 antea
360 789 400 825 in
433 788 533 825 libro
563 788 703 826 XXVI
734 795 922 827 uersatus
953 800 1042 826 sum
1070 788 1292 826 emendare
1323 788 1577 837 interpretari
1607 800 1673 826 co-

201 856 344 905 pulare
377 857 577 895 conabor:
621 857 783 907 singula
812 863 923 895 recte
953 863 996 894 ut
1029 856 1316 905 intellegamus
1347 855 1526 906 inprimis
1558 855 1674 894 adbi-

201 924 343 962 benda
386 930 450 963 est
489 925 649 963 Horatii
694 932 769 964 sat.
802 926 819 963 1
856 937 882 974 4
913 931 954 962 et
984 925 1022 962 11
1058 936 1071 962 1
1125 936 1262 975 neque
1306 936 1555 974 quemquam
1604 924 1674 975 qui

207 992 294 1028 libri
323 993 444 1031 XXX
480 993 670 1043 reliquias
701 1000 861 1031 attente
891 993 1106 1042 perlegerit
1143 998 1244 1041 puto
1284 992 1438 1041 fugisse
1478 991 1677 1029 Lucilium

203 1059 309 1097 sicut
345 1059 446 1097 libro
477 1059 619 1098 XXVI
651 1061 854 1099 rationem
894 1060 1079 1098 satiricae
1116 1059 1255 1109 poesis
1287 1070 1495 1109 exponere
1525 1059 1676 1096 collau-

202 1128 303 1164 dare
334 1127 575 1166 defendere.
640 1129 776 1179 Atque
806 1129 980 1178 primum
1022 1127 1239 1165 audiamus
1273 1126 1416 1165 Lucilii
1450 1138 1572 1177 quem
1603 1126 1678 1164 sibi

203 1194 297 1232 fecit
330 1195 613 1232 aduersarium
642 1208 679 1234 u.
713 1195 793 1245 893
826 1195 859 1233 L
897 1206 974 1232 110
1004 1195 1068 1232 M:

315 1262 379 1300 hic
408 1268 453 1300 ut
481 1263 734 1312 muscipulae
765 1269 904 1301 tentae
935 1268 1059 1312 atque
1090 1268 1135 1300 ut
1165 1257 1338 1311 scorpio'
1370 1262 1505 1300 cauda

315 1330 476 1367 sublata

202 1396 323 1445 Quae
356 1396 482 1434 uerba
510 1395 643 1434 refero
673 1397 728 1434 ad
759 1396 958 1434 Lucilium
1005 1396 1138 1446 ipsum
1184 1400 1230 1433 ut
1273 1394 1481 1433 hominem
1519 1396 1676 1445 pericu-

202 1464 333 1502 losum
364 1470 406 1501 et
435 1465 697 1503 insidiosum:
730 1466 836 1503 bene
867 1466 1124 1514 explicantur
1153 1466 1254 1503 Hor.
1287 1471 1362 1503 sat.
1394 1466 1431 1502 II
1465 1476 1497 1511 1,
1534 1477 1610 1513 44:

1075 1534 1129 1570 At
1158 1532 1224 1570 ille

314 1600 383 1650 qui
414 1613 481 1638 me
511 1601 726 1638 commorit
749 1622 797 1627 —
829 1601 973 1638 melius
1005 1613 1090 1638 non
1119 1597 1311 1650 tangere!
1345 1600 1477 1638 clamo
1507 1620 1562 1625 —

316 1667 430 1705 flebit
461 1673 502 1704 et
533 1668 703 1717 insignis
737 1674 826 1705 tota
857 1668 1088 1705 cantabitur
1117 1668 1228 1707 urbe.

200 1734 318 1771 Idem
350 1740 426 1773 sat.
459 1735 475 1772 I
502 1746 542 1783 4,
575 1746 628 1784 34

313 1799 526 1841 ‘Faenum
554 1804 680 1841 habet
706 1805 747 1841 in
776 1816 916 1848 cornu,
950 1804 1070 1853 longe
1103 1803 1217 1852 fuge:
1251 1804 1483 1840 dummodo
1505 1803 1629 1840 risum

313 1871 493 1910 excutiat
523 1871 610 1917 sibi,
643 1884 727 1910 non
757 1872 821 1910 hic
851 1872 1043 1922 cuiquam
1071 1876 1215 1921 parcet
1248 1871 1378 1909 amico

314 1945 355 1976 et
386 1941 665 1989 quodcunque
697 1940 822 1977 semel
854 1940 1002 1978 chartis
1032 1939 1216 1983 illeuerit,
1248 1951 1392 1976 omnes

312 2006 463 2055 gestiet
494 2019 518 2044 a
546 2006 665 2044 furno
697 2007 918 2044 redeuntes
946 2007 1047 2043 scire
1080 2006 1255 2055 lacuque

314 2080 356 2111 et
386 2086 537 2123 pueros
569 2080 610 2111 et
641 2071 777 2112 anus’.
813 2095 862 2099 -—
894 2075 1101 2122 Agedum,
1133 2086 1264 2122 pauca
1296 2074 1434 2123 accipe
1465 2079 1618 2112 contra.

200 2150 265 2188 De
296 2151 511 2189 tralatione
532 2151 638 2191 conf.
672 2145 922 2206 [Demosth.]
955 2152 1187 2200 Aristog.A
1207 2161 1256 2199 52
1290 2147 1402 2190 Ἀλλ’
1435 2148 1515 2200 οὐχ
1546 2147 1676 2199 οὗτος

198 2215 330 2257 οὐδὲν
352 2249 359 2257 .
384 2250 390 2257 .
420 2250 427 2257 .
445 2215 555 2257 ἀλλὰ
586 2217 816 2268 πορεύεται
834 2217 904 2258 διὰ
918 2219 996 2268 τῆς
1018 2216 1184 2268 ἀγορᾶς
1201 2216 1350 2267 ὥσπερ
1371 2215 1461 2267 ἔχις
1485 2215 1510 2266 ἢ
1528 2225 1622 2257 σκο
1634 2229 1675 2266 ρ·

200 2283 327 2335 πίος
358 2284 526 2339 ᾑρκὼς
555 2284 616 2326 τὸ
648 2284 885 2336 κέντρον,
927 2284 1067 2338 ᾄττων
1107 2285 1240 2335 δεῦρο
1272 2282 1455 2335 κάκεῖσε,
1496 2284 1675 2325 σκοπῶν

197 2349 278 2391 τίνι
299 2350 532 2402 συμφορὰν
552 2350 577 2400 ἢ
611 2351 890 2402 βλασφημίαν
911 2350 936 2401 ἢ
969 2351 1102 2392 κακόν
1132 2365 1171 2392 τι
1201 2349 1586 2402 προστριψάμενος
1607 2349 1676 2391 καὶ

198 2417 479 2469 καταστήσας
517 2417 579 2469 εἰς
618 2418 759 2470 φόβον
799 2418 1005 2470 ἀργύριον
1042 2417 1326 2470 εἰσπράξεται.
1368 2420 1467 2459 Poll.
1495 2419 1554 2457 VI
1599 2430 1672 2469 125

197 2487 247 2526 A.
280 2486 323 2524 Ρ.
356 2487 414 2524 XI
448 2485 583 2536 227¹).
619 2508 666 2513 —
708 2488 954 2537 Respondet
999 2488 1091 2525 huic
1136 2493 1263 2537 poeta
1301 2499 1370 2526 uu.
1403 2486 1498 2536 877.
1530 2486 1611 2536 878
1640 2487 1674 2525 L

205 2565 266 2603 14.
305 2565 351 2603 15
384 2555 428 2593 M
458 2555 618 2593 Horatii
651 2567 688 2595 u.
722 2554 774 2604 38
806 2555 829 2595 l.
862 2556 885 2594 l.
917 2555 1114 2593 similibus

312 2623 545 2661 summatim
576 2628 716 2660 tamen
747 2623 935 2672 experiar
965 2623 1199 2667 rescribere,
1234 2622 1376 2671 paucis

311 2689 372 2727 his
404 2696 444 2727 te
476 2690 663 2727 uersibus
694 2690 854 2727 interea
886 2685 1098 2727 contentu'
1132 2695 1289 2727 teneto.

336 2886 359 2928 ¹)
385 2887 561 2920 Lucilium
601 2888 757 2932 aliquem
790 2893 928 2932 tropum
965 2888 1180 2921 Graecorum
1220 2887 1392 2920 adhibere
1425 2887 1676 2930 comprobatur

196 2947 332 2980 Graeca
357 2946 470 2979 forma
495 2949 668 2992 scorpios.
