1894 3403
892 213 914 250 5

164 318 330 374 laphum
349 324 561 363 incutimus
584 324 769 362 lambenti
786 326 961 363 crustula
981 321 1121 362 seruo'
1143 320 1219 375 (IX
1241 321 1283 374 5)
1299 321 1347 374 ¹):
1380 324 1502 362 Nonii
1514 324 1641 361 uerba

162 391 229 430 hoc
247 388 460 442 zejferz'atin
482 397 671 444 corrupta
701 397 795 431 sunt
812 406 836 431 e
856 392 1042 443 genuinis
1071 391 1142 430 hoc
1163 389 1410 443 uoczferanti
1434 403 1459 428 a
1479 390 1639 429 librario

164 460 231 508 qui
259 460 400 496 nescio
431 461 527 509 quid
557 462 611 497 de
642 460 829 509 Zephyro
861 467 988 498 uento
1008 460 1237 497 somniauit.
1269 461 1401 497 Recte
1430 465 1475 496 ut
1495 459 1641 507 opinor

163 527 382 564 decurrunt
409 526 530 567 haec:
617 523 803 578 [fustem]

276 595 421 644 arripio
450 601 493 632 et
522 601 695 633 rostrum
727 596 949 646 labeasque
978 596 1060 633 hoc
1088 595 1331 633 uociferanti

274 662 456 712 percutio
488 663 716 713 dentesque
747 664 947 701 aduorsos
979 663 1153 701 discutio
1185 663 1330 701 omnis.

162 727 386 768 eriferari
413 730 614 769 inuenitur
642 732 753 781 apud
781 732 991 770 Afranium
1030 733 1172 771 Attam
1202 732 1432 771 Lucretium
1462 731 1564 769 alios
1596 736 1640 768 et

161 801 375 845 usurpatur
404 797 457 833 de
477 797 673 846 gallorum
703 810 891 836 anserum
904 799 1113 836 hominum
1131 799 1309 836 clamore
1327 810 1448 848 supra
1467 799 1637 834 modum

162 868 283 901 aucto
297 861 352 913 ²):
384 876 465 915 qua
494 865 548 903 de
578 878 622 904 re
655 865 785 904 lexica
816 866 1020 905 consulas.

250 1107 253 1111 ι
293 1057 416 1095 Libro
448 1056 507 1095 IX
536 1070 573 1097 u.
607 1054 764 1106 330¹³L
796 1068 851 1106 34
880 1056 925 1095 M
956 1058 1120 1096 codices

273 1135 291 1161 s
320 1129 503 1161 nostrum
534 1130 576 1162 et
605 1125 856 1174 semigraece
888 1125 1001 1175 quod
1031 1124 1192 1162 dicimu’
1225 1124 1355 1174 sigma

271 1191 326 1228 nil
355 1191 498 1229 erroris
529 1191 655 1229 habet

159 1258 289 1296 Multa
319 1259 455 1296 conati
484 1264 576 1296 sunt
606 1259 677 1296 uiri
707 1259 831 1305 docti,
863 1270 968 1309 quae
995 1271 1080 1297 non
1109 1259 1252 1296 melius
1283 1269 1349 1295 me
1373 1269 1497 1307 posse
1529 1256 1635 1294 refu-

159 1331 246 1363 tare
276 1326 444 1364 arbitror
472 1338 594 1377 quam
624 1327 658 1365 si
677 1327 849 1365 meliora
880 1327 1122 1365 substituam
1153 1338 1243 1364 cum
1282 1326 1438 1364 illorum
1467 1325 1636 1362 inuenta

159 1394 305 1443 partim
333 1406 386 1432 ne
415 1395 511 1444 ipsis
540 1395 704 1445 quidem
734 1394 967 1444 placuerint.
1011 1395 1222 1432 Addenda
1252 1399 1317 1432 est
1337 1393 1522 1431 nimirum
1552 1404 1634 1430 una

157 1461 303 1506 littera,
333 1466 378 1498 ut
405 1461 510 1499 haec
543 1462 644 1499 fiant

269 1540 287 1565 s
317 1534 500 1566 nostrum
530 1534 572 1566 et
594 1529 844 1578 semz‘graecei
868 1529 980 1579 quod
1015 1527 1176 1566 dicimu'
1209 1528 1338 1577 sigma

268 1595 323 1633 nil
353 1596 495 1634 erroris
527 1596 652 1634 habet

156 1663 299 1714 quibus
315 1664 448 1701 uerbis
480 1664 616 1713 lepide
638 1665 810 1703 Lucilius
842 1664 1121 1714 semigraecos
1152 1676 1246 1702 suos
1263 1664 1484 1713 populares
1507 1676 1632 1714 seque

155 1731 286 1781 ipsum
316 1731 426 1777 dicit,
458 1732 650 1782 quoniam
667 1731 829 1770 Graeca
858 1732 986 1770 uerba
1013 1737 1058 1769 ut
1074 1732 1204 1781 sigma
1218 1731 1374 1770 Latinis
1405 1732 1632 1769 immiscere

157 1799 388 1838 adsoleant.

289 2007 486 2044 Fortasse
523 2006 556 2044 si
585 2017 690 2056 quae
721 2006 773 2042 de
803 2018 822 2042 s
851 2006 983 2043 littera
1026 2006 1125 2043 dicit
1153 2006 1328 2044 Lucilius
1368 2012 1481 2044 recte
1511 2007 1633 2044 inter-

154 2074 304 2125 pretati
334 2086 484 2119 sumus,
516 2086 659 2112 ansam
690 2074 800 2112 nacti
841 2086 977 2117 sumus
1012 2075 1067 2111 ad
1095 2073 1201 2111 haec
1245 2074 1488 2123 corrigenda
1526 2086 1632 2124 quae

155 2143 209 2192 de
240 2154 258 2178 r
287 2142 420 2179 littera
449 2147 635 2190 corrupte
664 2141 815 2178 tradita
845 2146 939 2178 sunt
963 2142 1074 2189 apud
1115 2140 1204 2179 Uel.
1235 2141 1367 2189 Long.
1399 2141 1478 2178 VII
1505 2154 1544 2190 p.
1578 2151 1629 2190 47

155 2204 209 2261 (u.
241 2210 343 2257 330⁸
367 2207 401 2246 L
430 2207 488 2246 IX
522 2218 573 2258 29
603 2205 665 2258 M)

268 2289 293 2313 a
321 2287 365 2313 re
396 2288 481 2313 non
507 2276 675 2312 multum
705 2276 823 2312 abest
851 2275 931 2313 hoc
959 2275 1284 2324 cacosyntheton
1314 2281 1437 2324 atque
1464 2276 1612 2313 canina

268 2344 300 2382 si
328 2344 464 2393 lingua
492 2343 586 2382 dico
615 2342 712 2381 nihil
743 2343 798 2381 ad
826 2355 891 2381 me
920 2356 1075 2381 nomen
1105 2342 1185 2381 hoc
1218 2343 1270 2381 illi
1300 2348 1365 2381 est

154 2413 297 2462 quibus
327 2413 369 2449 in
397 2412 579 2450 uersibus
610 2412 770 2449 etiamsi
799 2424 884 2449 non
902 2425 1045 2450 omnes
1068 2412 1233 2450 confido
1264 2424 1389 2461 posse
1419 2426 1444 2450 a
1473 2425 1539 2449 me
1561 2424 1631 2449 ex-

153 2480 285 2529 pediri
315 2479 587 2525 difficultates,
619 2484 758 2516 tamen
777 2479 987 2529 aliquanto
1018 2480 1182 2530 propius
1215 2480 1269 2517 ad
1296 2491 1438 2517 uerum
1460 2479 1630 2517 forsitan

291 2638 319 2682 ¹)
345 2639 457 2672 Uelut
494 2639 587 2682 apud
627 2639 767 2672 Petron.
804 2646 850 2678 90
893 2637 1046 2681 ‘lapides
1085 2638 1122 2670 in
1158 2638 1373 2682 Eumolpum
1411 2639 1631 2672 recitantem’

154 2696 305 2730 mittunt.

286 2756 321 2801 ²)
346 2756 477 2791 Cornif.
503 2759 560 2791 ΙΙΙ
588 2767 630 2791 22
668 2758 852 2792 muliebris
890 2758 1094 2792 uociferatio
1129 2758 1276 2802 Quintil.
1301 2760 1339 2792 ΙΙ
1360 2768 1413 2800 10,
1440 2760 1459 2793 8
1500 2760 1631 2793 furiosa

154 2815 370 2850 uociferatio.
