1894 3403
947 282 999 325 66

234 422 357 464 quem
387 412 442 450 ad
480 412 604 450 libros
636 412 738 450 XXI
780 412 934 462 priores
973 412 1127 450 maiore
1169 412 1254 449 iure
1291 411 1456 457 referes,
1501 423 1624 462 quam
1654 411 1710 448 ad

232 482 411 531 reliquos
453 493 544 519 raro
589 494 613 518 a
652 481 918 530 scriptoribus
958 480 1186 518 adhibitos:
1232 480 1336 517 inter
1382 480 1536 530 priores
1580 480 1709 532 libros

232 549 318 587 ueri
348 549 547 587 simillime
590 549 645 585 ad
675 549 860 597 primum.
920 547 1084 585 Etenim
1122 549 1162 585 in
1193 547 1356 597 reliquis
1387 548 1495 585 libris
1526 533 1706 597 corporis

232 617 375 666 prioris
416 629 514 654 num
541 616 704 666 Lupum
734 622 939 653 mortuum
982 616 1203 653 insectatus
1238 616 1289 652 sit
1327 621 1467 664 poeta,
1508 615 1707 652 incertum

232 692 315 724 est:
346 691 469 735 atque
500 684 612 734 quod
641 684 702 721 his
734 684 831 734 ipsis
853 684 987 721 uerbis
1019 684 1073 721 de
1095 684 1213 733 Lupo
1234 683 1465 721 intereunte
1483 683 1704 720 salsamen-

232 754 282 791 tis
314 753 525 790 deuoratis
564 753 712 802 agitur,
756 753 857 789 mire
896 752 1083 800 congruit
1125 763 1218 789 curn
1264 751 1365 788 libro
1394 751 1524 801 primo
1557 751 1626 788 ubi
1655 752 1708 787 de

232 821 318 858 eius
345 821 512 857 interitu
542 821 775 858 deliberant
801 821 843 857 di
874 826 916 857 et
936 820 989 856 de
1012 819 1269 868 apponendis
1301 818 1559 856 salsamentis
1581 819 1707 856 uerba

231 887 343 927 fiunt.
404 887 550 937 Neque
581 888 689 925 enim
723 881 901 925 occidunt
924 891 957 923 te
985 893 1125 936 potest
1157 898 1249 923 esse
1279 890 1384 924 tuam
1423 898 1502 923 rem
1520 885 1708 938 familia-

232 968 311 992 rem
335 956 522 1004 perdunl‚
555 957 652 1005 quia
684 962 726 993 et
757 956 935 1005 saperda
972 961 1015 992 et
1056 955 1199 992 silurus
1229 955 1444 993 uilissimus
1474 955 1597 1005 piscis
1629 961 1708 1000 est,

230 1035 369 1073 neque
400 1028 433 1060 te
464 1028 624 1061 enecant
651 1024 817 1061 molesti:
851 1024 1012 1073 Lupum
1043 1024 1154 1060 enim
1182 1023 1348 1060 laudare
1379 1028 1486 1060 certe
1507 1035 1590 1060 non
1610 1023 1706 1061 uult.

232 1091 328 1129 Sine
360 1092 484 1129 dubio
516 1092 607 1129 lusit
638 1104 733 1128 eum
764 1097 890 1140 poeta
921 1097 963 1128 ut
986 1087 1235 1140 ὀψοφάγον,
1268 1091 1337 1140 qui
1366 1091 1560 1129 moriatur
1589 1091 1707 1140 pisci-

231 1159 305 1196 bus
338 1159 514 1196 comesis
544 1159 680 1196 multis
713 1159 816 1196 sicut
847 1159 958 1208 apud
992 1158 1141 1197 Athen.
1173 1158 1268 1195 VIII
1297 1171 1335 1208 p.
1360 1168 1436 1207 341
1473 1158 1505 1195 B
1527 1158 1707 1196 Machon

231 1227 411 1264 comicus
444 1225 714 1265 Philoxenum
745 1226 903 1264 inducit
934 1226 1174 1264 morientem
1213 1226 1365 1277 polypo
1395 1227 1551 1276 ingenti
1582 1227 1708 1263 deuo·

230 1300 333 1339 rato,
365 1295 465 1332 alius
498 1291 768 1344 ἰχθυοφάγος
814 1295 973 1343 piscem
1005 1295 1229 1331 comedens
1261 1295 1494 1332 decessisse
1538 1295 1708 1332 traditur

229 1361 384 1399 ibidem
430 1373 469 1411 p.
505 1371 582 1410 345
617 1356 708 1413 C¹).
771 1361 967 1410 saperda,
1019 1360 1250 1410 κορακῖνος
1303 1373 1352 1398 ex
1398 1361 1530 1399 Ponto
1577 1361 1706 1410 (Pers.

231 1429 269 1464 V
303 1429 412 1478 134),
443 1425 592 1478 ‘genus
610 1429 776 1478 pessimi
793 1425 941 1478 piscis'
972 1424 1158 1480 (Festus)
1191 1429 1465 1466 contemnitur
1484 1429 1536 1466 ab
1557 1429 1709 1467 Arche-

230 1503 359 1535 strato
403 1498 513 1546 apud
544 1496 694 1535 Athen.
725 1496 781 1533 III
812 1509 850 1546 p.
888 1506 961 1545 117
996 1497 1031 1533 A
1077 1508 1213 1546 neque
1257 1497 1394 1545 magni
1436 1496 1479 1534 fit
1522 1497 1574 1534 ab
1606 1499 1703 1535 Am-

229 1565 355 1613 phide
399 1565 421 1602 l.
464 1565 487 1603 l.
519 1564 594 1601 VII
637 1576 676 1613 p.
711 1574 792 1612 309
830 1565 864 1601 A
910 1563 1036 1610 (conf.
1082 1576 1121 1613 p.
1156 1564 1236 1612 308
1276 1563 1336 1613 F).
1397 1564 1545 1602 Silurus
1584 1571 1704 1615 puter

230 1628 333 1681 (qu.
365 1631 464 1668 XIV
505 1629 608 1681 132),
641 1628 812 1680 σαπρός
846 1628 990 1680 (Diod.
1024 1643 1128 1669 com.
1159 1643 1224 1680 ap.
1257 1631 1407 1670 Athen.
1431 1631 1487 1669 VI
1516 1644 1555 1681 p.
1576 1632 1704 1681 239E

230 1698 371 1748 Sopat.
404 1698 429 1737 1.
460 1698 484 1737 l.
516 1710 556 1748 p.
592 1708 672 1746 230
703 1695 754 1747 E)
786 1698 909 1748 piscis
941 1699 1043 1743 uilis,
1079 1699 1131 1735 de
1163 1710 1243 1749 quo
1275 1699 1383 1739 conf.
1417 1698 1516 1737 Plin.
1550 1699 1706 1736 XXXII

230 1778 305 1816 94:
353 1763 524 1804 ‘Aluum
556 1766 711 1804 emollit
738 1767 891 1804 silurus
921 1780 939 1804 e
967 1767 1054 1804 iure
1098 1773 1140 1805 et
1185 1768 1361 1817 torpedo
1403 1768 1444 1805 in
1490 1768 1594 1807 cibo.
1653 1768 1706 1806 Et

229 1835 347 1872 holus
378 1835 579 1871 marinum
610 1834 738 1871 simile
770 1835 918 1877 satiuo‚
964 1835 1180 1872 stomacho
1222 1836 1442 1883 inimicum,
1482 1836 1616 1873 aluum
1646 1835 1706 1873 fa-

228 1903 370 1940 cillime
407 1908 566 1951 purgat,
613 1902 688 1939 sed
737 1908 903 1951 propter
951 1902 1215 1940 acrimoniam
1258 1914 1351 1954 pum
1394 1903 1535 1952 pingui
1582 1914 1705 1940 carne

228 1970 428 2019 coquitur,
457 1975 500 2007 et
531 1970 713 2006 omnium
748 1969 920 2018 piscium
959 1965 1049 2007 ius'.
1110 1969 1199 2006 Dici
1244 1969 1344 2019 puto
1392 1970 1499 2007 hunc
1547 1982 1708 2007 uersum

227 2050 252 2075 a
283 2039 364 2075 deo
397 2038 547 2086 aliquo,
588 2037 656 2087 qui
695 2037 859 2086 Lupum
903 2037 1046 2073 uideat
1087 2038 1265 2074 animam
1308 2037 1522 2074 efflantem
1555 2043 1707 2074 mortes

227 2105 375 2142 multas
408 2115 669 2149 enumerans,
708 2115 812 2153 quas
851 2104 1045 2141 mortales
1087 2110 1286 2153 oppetant
1323 2105 1416 2142 ioco
1447 2104 1622 2142 fortasse
1653 2106 1708 2142 si-

227 2172 310 2209 mili
340 2171 526 2209 adhibito
557 2171 775 2208 Horatiani
805 2176 880 2209 sat.
912 2171 928 2207 I
960 2182 998 2218 9,
1032 2182 1103 2218 31:

367 2328 389 2367 ¹)
416 2327 516 2359 Conf.
534 2328 620 2358 Luc.
647 2327 780 2367 dialog.
799 2332 900 2358 mort.
919 2335 950 2368 7.
977 2327 1099 2359 Sotad.
1119 2328 1142 2359 1.
1160 2328 1183 2359 l.
1203 2328 1295 2359 infra
1312 2327 1546 2362 Πουλύποδα
1571 2329 1708 2371 φαγὼν

226 2386 246 2421 ὁ
274 2385 460 2429 Διογένης
486 2385 592 2428 ὠμὸν
617 2384 810 2429 τέθνηκεν.
854 2385 937 2419 Ual.
964 2386 1058 2418 Max.
1085 2386 1141 2418 ΙΙΙ
1169 2394 1199 2429 5,
1216 2394 1235 2428 3
1262 2385 1424 2419 ‘Clodius
1449 2386 1602 2420 Pulcher
1627 2413 1635 2420 .
1663 2412 1670 2419 .
1698 2412 1705 2419 .

225 2446 348 2477 mortis
388 2445 632 2477 erubescendo
673 2455 803 2486 genere
842 2451 1066 2487 consumptus
1109 2451 1171 2477 est.
1228 2446 1432 2479 Abdomine
1473 2448 1566 2480 enim
1605 2449 1706 2481 auide

227 2504 395 2536 deuorato
414 2529 421 2537 .
441 2528 448 2535 .
469 2528 476 2535 .
497 2503 655 2547 spiritum
680 2503 848 2535 reddidit.
875 2522 918 2527 —
948 2504 1046 2545 Lege
1063 2504 1199 2536 Licinia
1226 2504 1270 2536 de
1295 2505 1400 2537 modo
1418 2506 1707 2539 salsamentorum

230 2568 396 2596 statutum
435 2567 521 2601 erat,
562 2572 607 2594 ne
645 2562 793 2605 amplius
833 2562 975 2595 daretur
1012 2568 1245 2606 apponeretur
1271 2564 1563 2598 salsamentorum
1589 2567 1708 2609 pondo

224 2623 315 2655 libra
352 2622 525 2663 (Macrob.
554 2622 610 2653 ΙΙΙ
640 2630 692 2664 17,
720 2622 770 2662 9):
808 2622 954 2654 multum
990 2623 1082 2654 enim
1121 2628 1194 2655 tum
1233 2622 1432 2667 ὀψοφαγία
1471 2626 1705 2666 grassabatur.

226 2682 389 2714 Ceterum
416 2681 461 2713 de
488 2681 629 2713 interitu
654 2680 735 2713 talis
753 2680 958 2724 ὀψοφάγου
978 2682 1115 2725 scripsit
1143 2682 1323 2724 parodiam
1348 2683 1538 2727 Hipponax
1557 2684 1621 2725 frg.
1644 2685 1704 2726 85:

410 2739 548 2774 Μοῦσά
575 2750 635 2782 μοι
664 2739 1020 2784 Εὐρυμεδοντιάδεα,
1046 2740 1118 2783 τὴν
1143 2741 1442 2785 ποντοχάρυβδιν

409 2799 483 2841 τὴν
507 2798 882 2842 ἑγγαστριμάχαιραν,
910 2799 952 2841 ὃς
973 2799 1087 2834 ἐσθίει
1115 2801 1160 2834 οὐ
1184 2800 1279 2835 κατὰ
1305 2790 1457 2845 κόσμον,

411 2856 551 2902 ἔννεφ’,
578 2857 684 2901 ὅπως
708 2859 849 2902 ψηφῖδι
876 2859 991 2902 κακὸς
1017 2859 1134 2894 κακὸν
1161 2860 1267 2894 οἶτον
1296 2860 1439 2905 ὄληται,

412 2919 528 2961 βουλῇ
555 2917 718 2962 δημοσίῃ
746 2918 849 2961 παρὰ
876 2919 947 2953 θῖν’
970 2919 1059 2961 ἁλὸς
1085 2919 1318 2963 ἀτρυγέτοιο.
