1894 3403
979 218 1033 259 49

406 336 515 374 Libri
560 336 743 375 eiusdem
789 348 828 373 u.
867 335 951 387 870
982 336 1015 374 L
1070 345 1143 385 105
1176 335 1220 373 M
1262 334 1524 374 multifariam
1561 339 1686 385 atque
1725 345 1748 371 a

270 405 407 443 multis
438 410 637 443 tractatus
665 406 708 442 in
738 403 949 442 codicibus
979 404 1071 443 talis
1103 410 1189 442 est:

383 472 537 522 plauda
569 475 649 510 una
679 478 744 510 est
786 471 960 522 pedibus
1003 472 1172 510 cariosis
1203 472 1489 510 mensulibano
1522 469 1746 521 (mensuia-

1371 541 1469 578 bino
1499 535 1629 590 Harl.)

406 606 591 646 Correxit
622 608 802 658 Scaliger
828 608 988 658 planta,
1027 609 1143 659 quod
1174 608 1421 647 uocabulum
1451 608 1592 646 nescio
1624 618 1746 657 quam

271 681 384 714 recte
431 682 649 726 usurpetur
689 676 731 714 in
759 677 882 715 rebus
925 678 1133 717 inanimis:
1168 678 1307 727 itaque
1337 677 1479 715 melius
1511 676 1558 715 L.
1589 675 1748 713 clauda.

272 743 439 782 Exitum
477 756 619 782 uersus
656 745 790 783 multis
824 745 959 783 modis
1006 757 1152 783 sanare
1198 746 1446 783 studuerunt
1490 744 1565 781 uiri
1609 743 1743 781 docti:

273 824 400 849 mensa
440 811 586 850 Sabino
631 813 844 851 Francken
892 826 1020 850 mensa
1066 812 1214 850 Liboni
1255 812 1450 863 Scaliger,
1496 825 1621 849 mensa
1671 810 1745 848 Li-

274 879 387 916 bussa
418 880 621 926 Ribbeck;
664 880 850 918 Muelleri
881 882 1120 918 coniectura
1153 881 1323 917 nimium
1369 893 1394 918 a
1421 880 1581 917 traditis
1614 880 1744 917 abest.

273 947 471 986 Litteram
501 960 646 987 uersus
679 954 904 987 extremam
921 949 1092 999 periisse
1114 949 1304 987 arbitror:
1337 954 1500 986 ceterae
1521 948 1680 986 litterae
1703 947 1745 984 in

273 1017 462 1053 ordinem
490 1018 771 1054 restituendae
802 1023 897 1054 sunt
925 1023 971 1054 ut
1002 1017 1267 1065 descriptioni
1309 1028 1437 1054 cenae
1468 1017 1744 1065 pauperculae

274 1095 381 1134 quae
417 1084 460 1122 fit
505 1096 573 1122 uu.
606 1084 686 1134 895
719 1084 752 1122 L
784 1095 837 1133 40
867 1084 911 1122 M
942 1083 1023 1122 806
1052 1084 1085 1122 L
1115 1095 1163 1132 41
1200 1084 1243 1121 M
1289 1084 1468 1122 addatur
1502 1095 1645 1121 uersus
1685 1083 1745 1121 sic

274 1157 481 1189 correctus
500 1164 508 1190 :

273 1214 422 1270 lectus]
455 1231 556 1256 unus
586 1219 792 1257 consterni
822 1218 930 1257 nobis
959 1215 1070 1256 uetu’
1102 1218 1279 1256 restibus
1310 1224 1443 1268 aptus.

442 1287 659 1324 culcitulae
689 1288 897 1324 accedunt
924 1287 1066 1336 priuae
1100 1283 1339 1324 centonibu'
1370 1287 1489 1325 binis.

444 1355 592 1393 clauda
624 1367 704 1391 una
737 1360 800 1392 est
829 1355 1004 1405 pedibus
1037 1354 1204 1392 cariosis
1237 1355 1411 1392 mensula
1441 1351 1604 1404 nobis1).

277 1422 464 1460 Mensula
495 1424 585 1460 uino
614 1424 737 1460 uideo
776 1423 856 1460 iam
886 1422 1126 1460 Turnebum
1164 1423 1404 1461 coniecisse.
1464 1422 1648 1470 Quorum
1681 1434 1745 1459 uu.

274 1492 447 1541 primum
478 1497 520 1529 et
551 1497 775 1528 extremum
805 1491 838 1528 si
867 1491 972 1528 inter
1003 1503 1047 1528 se
1080 1491 1301 1528 contuleris
1323 1491 1578 1528 coniecturas
1599 1491 1744 1528 multas

276 1559 329 1595 de
359 1558 488 1607 primo
518 1558 699 1608 prolatas
729 1563 772 1595 ut
814 1558 937 1595 falsas
978 1559 1198 1606 redargues
1231 1556 1375 1604 (uellus
1406 1559 1618 1594 consternit
1650 1558 1743 1594 Rib-

274 1622 379 1663 beck
410 1626 538 1663 clz'nas
566 1626 623 1663 M.
659 1626 759 1664 alias
790 1626 885 1672 alii).

409 1816 519 1853 Libri
550 1816 736 1853 eiusdem
767 1829 804 1855 u.
838 1827 920 1865 944
952 1816 985 1853 L
1022 1827 1098 1865 119
1129 1817 1172 1854 M
1204 1818 1370 1855 codices

742 1883 838 1934 quid
868 1883 1096 1934 quaerimus
1126 1897 1219 1923 acre

386 1952 597 1990 inductum
627 1958 747 1989 cantu
778 1951 804 1999 †
834 1952 1041 1989 stodidum
1071 1950 1268 2001 (stolidum
1299 1953 1516 1990 custoditum
1547 1951 1630 2001 alii)

275 2017 462 2057 Stolidum
493 2025 603 2057 recte
620 2019 812 2057 Rothius:
845 2019 918 2056 hac
947 2033 991 2057 re
1016 2020 1055 2058 in
1078 2032 1116 2059 u.
1147 2020 1280 2070 priore
1306 2020 1464 2069 scripsit
1485 2019 1634 2065 Iunius,
1667 2020 1745 2058 Ar-

270 2100 348 2136 gon
378 2087 560 2127 Mueller.
593 2087 858 2125 Scribendum
890 2093 1010 2137 puto:

744 2155 854 2203 Quid
885 2155 1114 2204 quaerimus
1146 2155 1225 2192 acri

387 2223 595 2261 inductum
623 2229 745 2261 cantu
776 2224 965 2260 stolidum
994 2252 1002 2260 .
1037 2254 1045 2261 .

274 2285 385 2327 Acer
416 2290 526 2327 idem
553 2290 664 2328 ualet
693 2290 805 2340 quod
825 2287 945 2340 λιγύς
966 2287 1138 2339 λιγυρός
1161 2289 1385 2327 Graecum:
1416 2289 1473 2326 sic
1488 2289 1589 2330 Hor.
1621 2303 1744 2330 carm.

275 2358 293 2395 I
327 2369 387 2403 12,
425 2369 438 2395 1
476 2359 567 2395 acri
592 2358 704 2405 tibia,
751 2358 895 2396 Accius
935 2359 1045 2408 apud
1076 2357 1180 2396 Non.
1212 2369 1252 2407 p.
1287 2368 1365 2406 213
1406 2370 1495 2395 acre
1532 2355 1608 2409 (sic
1637 2364 1746 2397 recte

276 2425 420 2475 Bothe,
465 2426 588 2464 codd.
627 2424 731 2475 acri)
768 2430 981 2476 crepantes
1012 2425 1136 2463 melos.
1195 2424 1339 2473 Agitur
1380 2424 1440 2461 his
1471 2437 1540 2464 uu.
1583 2431 1653 2463 aut
1691 2426 1746 2464 de

276 2493 479 2531 Sirenibus
522 2506 714 2531 earumue
746 2494 937 2531 similibus
966 2493 1150 2530 homines
1182 2498 1303 2530 cantu
1337 2499 1457 2530 acuto
1490 2493 1744 2533 fallentibus:

276 2560 384 2599 conf.
413 2560 537 2598 Hom.
572 2572 599 2610 μ
632 2571 816 2611 39—44:

411 2670 437 2712 ¹)
461 2671 523 2703 Ad
549 2673 650 2704 nobis
677 2671 768 2703 conf.
798 2671 901 2702 etiarn
926 2670 1115 2702 Philoxeni
1145 2670 1296 2704 δεῖπνον
1323 2671 1388 2712 frg.
1416 2679 1435 2703 2
1452 2672 1601 2713 Bergk:
1630 2671 1688 2713 Εἰς
1714 2672 1746 2706 δ’

276 2732 415 2776 ἔφερον
446 2730 592 2766 διπλόοι
622 2731 752 2773 παῖδες
786 2732 987 2773 λιπαρῶπα
1018 2729 1207 2773 τράπεζαν
1236 2728 1361 2774 Ἀμμ’,
1391 2730 1513 2774 ἕτεροι
1541 2730 1574 2765 δ’
1601 2731 1745 2776 ἑτέραν,

276 2793 381 2828 ἄλλοι
407 2791 439 2826 δ’
467 2791 609 2835 ἑτέραν,
643 2791 748 2835 μέχρι
773 2790 818 2825 οὗ
836 2789 1043 2833 πλήρωσαν
1067 2790 1184 2825 οἶκον.
1236 2791 1423 2834 Mensula,
1448 2796 1486 2824 ut
1500 2792 1608 2824 Hom.
1636 2802 1658 2826 υ
1677 2799 1746 2835 259

277 2850 413 2895 δίφρον
445 2850 626 2885 ἀεικέλιον
658 2850 830 2891 καταθεὶς
855 2848 985 2891 ὀλίγην
1011 2859 1052 2883 τε
1078 2849 1275 2892 τράπεζαν.
1303 2850 1411 2882 Arist.
1439 2854 1532 2893 poet.
1564 2861 1639 2894 cap.
1668 2859 1724 2883 22.

1477 2931 1498 2962 4
