1894 3403
957 173 1010 248 89

248 319 383 369 Scipio
428 321 531 359 uidit
566 320 882 359 Macedonicum
918 322 1051 372 ipsum
1089 335 1113 359 a
1150 321 1307 359 Lucilio
1347 320 1589 370 increpitum
1625 331 1717 357 esse

246 388 301 424 ad
321 400 359 426 u.
387 397 437 437 72
469 388 579 426 idem
610 389 831 427 scholiasta
860 395 972 427 certe
1004 389 1083 427 hoc
1116 389 1209 426 loco
1240 387 1503 426 doctissimus
1535 407 1588 413 —
1618 399 1716 425 nam

244 455 353 493 illam
396 456 450 494 de
495 457 648 495 Lucilio
693 458 928 508 Scipionem
965 470 1115 507 mappa
1161 457 1326 494 ferituro
1373 455 1716 494 narratiunculam

244 524 397 574 fingere
436 538 521 564 non
562 528 695 576 potuit
740 523 865 579 (conf.
906 526 989 566 Cic.
1024 528 1079 564 de
1110 538 1167 565 or.
1197 525 1239 563 II
1271 522 1341 575 22)
1390 545 1434 551 -
1485 523 1610 562 tradit
1654 522 1715 561 his

243 593 395 631 uerbis:
427 590 646 633 ‘Caecilius
676 595 866 633 Metellus
898 595 1134 634 consularis.
1164 594 1244 632 Hic
1265 593 1455 631 III-filios
1477 592 1714 630 consulares

243 660 345 699 uidit
376 667 417 699 et
447 662 498 700 ab
517 662 615 712 ipsis
636 663 767 701 elatus
799 668 863 701 est
879 693 887 702 .
910 693 918 702 .
937 693 945 702 .
969 662 1122 700 Potens
1146 662 1219 700 fuit
1241 661 1489 711 temporibus
1514 660 1715 710 Scipionis

244 729 448 769 Africani.
468 761 476 769 .
496 759 504 767 .
527 731 705 769 Lucilius
736 744 829 769 eum
859 732 900 768 in
930 731 1103 780 gratiam
1134 730 1334 780 Scipionis
1366 725 1543 779 carpsit'.
1603 729 1714 767 Ante

234 795 344 845 filios
387 797 536 835 inserui
576 798 664 844 III,
711 799 817 837 conf.
850 798 934 836 Cic.
975 799 1028 835 de
1059 799 1125 835 fin.
1159 798 1196 834 V
1227 797 1277 834 82
1322 794 1396 844 ‘Q.
1421 797 1613 834 Metellus
1645 796 1714 845 qui

244 870 324 902 tres
355 865 458 904 filios
481 867 669 904 consules
699 867 802 905 uidit
817 896 827 906 .
847 898 854 906 .
876 897 884 906 .
905 872 1091 916 quartem
1123 872 1259 904 autem
1289 860 1541 916 praetorem'
1562 878 1598 904 e.
1621 876 1658 914 q.
1681 875 1712 903 S.

244 930 336 970 Ual.
371 932 480 971 Max.
503 933 584 970 VII
608 936 643 982 1,
673 945 685 970 1
722 930 957 983 ‘(Fortuna)
986 934 1083 971 fecit
1112 939 1157 970 ut
1187 931 1257 982 (Q.
1288 933 1491 971 Caecilius
1522 932 1711 969 Metellus

241 998 554 1049 Macedonicus)
602 1002 751 1039 eodem
794 1007 978 1051 tempore
1020 1007 1101 1039 tres
1143 1001 1244 1039 filios
1285 1000 1520 1039 consulares
1552 1030 1561 1039 .
1590 1031 1599 1040 .
1629 1030 1637 1038 .
1670 1004 1713 1036 et

242 1073 429 1116 quartum
458 1069 706 1117 praetorium
745 1065 940 1107 uideret’.
999 1068 1100 1106 Plin.
1133 1068 1212 1105 VH
1248 1079 1321 1116 142
1355 1067 1457 1107 Uell.
1490 1069 1510 1105 Ι
1545 1079 1587 1105 11
1626 1067 1710 1106 Cic.

242 1136 412 1186 Philipp.
444 1135 542 1174 VIII
578 1148 626 1184 14
656 1136 765 1176 Brut.
797 1136 862 1176 81.
897 1147 991 1175 212.
1052 1136 1252 1186 Scipionis
1294 1136 1573 1175 aduersarium
1618 1148 1712 1173 eum

242 1203 366 1241 fuisse
395 1205 564 1242 tradunt
594 1203 678 1244 Cic.
711 1205 764 1242 de
794 1217 877 1254 rep.
899 1205 917 1242 I
938 1215 986 1253 31
1023 1206 1076 1242 de
1108 1217 1184 1243 am.
1218 1214 1267 1254 77
1300 1206 1353 1241 de
1383 1205 1449 1243 off.
1482 1205 1502 1241 I
1532 1204 1582 1253 87
1615 1204 1707 1242 Ual.

244 1273 353 1313 MaX.
382 1273 441 1311 IV
466 1285 498 1320 1,
527 1284 571 1311 12
605 1274 707 1314 Plut.
740 1274 934 1325 apophth.
967 1274 1120 1312 Metelli
1150 1284 1172 1321 3
1195 1268 1241 1325 ¹).
1300 1272 1388 1311 Nec
1418 1272 1596 1310 Lucilius
1628 1283 1709 1322 qua

243 1341 318 1379 fuit
344 1341 495 1391 ingenii
525 1347 670 1379 natura
687 1342 897 1380 Metellum
917 1342 1235 1379 Macedonicum
1260 1353 1344 1378 non
1365 1342 1530 1379 laedere
1560 1341 1705 1390 potuit.

241 1408 404 1446 Librum
440 1408 577 1446 XXVI
616 1420 723 1446 anno
768 1407 945 1457 623l131
998 1410 1191 1458 scriptum
1228 1420 1319 1446 esse
1348 1409 1486 1458 posui:
1524 1408 1636 1457 quod
1673 1408 1707 1445 si

240 1478 503 1515 obseruamus
533 1477 659 1515 multo
690 1477 819 1516 maius
848 1477 1011 1527 pondus
1041 1477 1148 1515 inest
1179 1476 1365 1526 profecto
1398 1476 1586 1514 omnibus
1618 1476 1707 1513 libri

238 1545 339 1582 illius
368 1545 567 1589 uersibus,
599 1546 744 1595 quibus
777 1546 831 1583 de
862 1557 1041 1591 uxorum·
1060 1545 1255 1583 molestiis
1286 1545 1370 1594 agit
1403 1550 1540 1594 poeta,
1587 1556 1706 1593 prae-

240 1614 356 1662 cipue
388 1613 495 1652 conf.
525 1625 590 1653 uu.
623 1614 716 1661 603.
750 1613 844 1662 604.
876 1614 923 1652 L.
957 1612 1022 1651 88.
1054 1613 1106 1662 89
1137 1613 1196 1651 M:

351 1680 537 1719 homines
568 1681 645 1731 ipsi
675 1681 780 1719 hanc
811 1681 885 1720 sibi
915 1681 1146 1719 molestiam
1175 1681 1278 1718 ultro
1310 1686 1434 1730 atque
1465 1692 1705 1719 aerumnam

1403 1749 1592 1793 offerunt,

350 1817 503 1854 ducunt
525 1828 684 1864 uxores,
716 1818 959 1865 producunt,
992 1817 1137 1865 quibus
1166 1817 1270 1853 haec
1297 1816 1462 1861 faciant,
1495 1817 1657 1853 liberos.

237 1883 552 1922 Animaduertas
583 1884 706 1929 enim,
744 1883 1059 1922 Macedonicum
1090 1884 1198 1922 illum
1229 1895 1443 1921 censorem
1473 1895 1584 1921 anno
1613 1883 1704 1932 ipso

238 1948 418 2000 623f131
455 1951 676 1996 censuisse,
706 1948 772 1989 ‘ut
801 1963 943 1989 omnes
974 1958 1217 2002 cogerentur
1247 1952 1397 1989 ducere
1426 1963 1575 1989 uxores
1606 1950 1705 1987 libe-

239 2032 373 2057 rorum
406 2020 674 2057 creandorum
705 2016 846 2057 causa²
874 2025 917 2057 ut
950 2019 1035 2058 Liu.
1066 2032 1148 2069 per.
1169 2029 1219 2068 59
1253 2019 1395 2057 tradit:
1430 2019 1527 2057 dein
1547 2019 1703 2069 pergit:

242 2084 252 2098 ‘
267 2087 414 2125 Exstat
445 2088 576 2125 oratio
597 2088 685 2124 eius
708 2099 829 2136 quam
850 2088 1052 2135 Augustus
1082 2086 1248 2131 Caesar,
1270 2099 1360 2124 cum
1382 2088 1435 2124 de
1465 2087 1705 2124 maritandis

371 2238 398 2282 ¹)
428 2239 602 2271 Censores
642 2239 744 2271 ambo
784 2249 875 2271 anno
915 2237 1064 2280 623l131
1112 2238 1316 2271 Aemiliano
1356 2237 1488 2270 inimici
1530 2238 1627 2269 suere
1671 2242 1705 2269 et

235 2298 405 2330 Metellus
431 2298 683 2329 Macedonicus
716 2302 750 2330 et
776 2298 817 2340 Q.
845 2299 1032 2341 Pompeius
1059 2299 1178 2330 Rufus
1211 2297 1395 2341 (apophth.
1424 2297 1514 2340 Scip.
1542 2297 1622 2330 min.
1651 2296 1703 2340 8):

233 2357 351 2400 itaque
379 2357 483 2388 etiam
509 2358 627 2399 Lupus
662 2357 706 2388 ab
740 2357 794 2388 his
827 2357 988 2399 princeps
1024 2361 1165 2389 senatus
1198 2357 1310 2389 lectus
1344 2368 1363 2388 a
1395 2356 1573 2398 Scipionis
1607 2361 1705 2398 parte

235 2428 306 2449 non
342 2421 425 2450 erat.
475 2417 588 2449 Totus
624 2415 714 2449 enim
754 2421 892 2449 senatus
932 2416 969 2449 in
1008 2417 1093 2449 duas
1125 2421 1242 2460 partes
1277 2416 1448 2449 discissus
1482 2420 1572 2448 erat:
1612 2416 1705 2449 conf.

233 2475 306 2508 Cic.
334 2476 378 2507 de
405 2487 477 2518 rep.
503 2477 521 2507 I
549 2483 610 2516 31:
645 2475 755 2517 ‘Quid
782 2476 873 2507 enim
897 2486 1010 2518 nepos
1030 2503 1037 2509 .
1054 2502 1061 2509 .
1078 2501 1085 2509 .
1105 2487 1175 2508 non
1201 2477 1339 2519 quaerit
1366 2486 1425 2508 eur
1450 2476 1486 2507 in
1510 2486 1580 2507 una
1605 2486 1706 2518 repu-

237 2534 332 2567 blica
371 2535 440 2568 duo
480 2539 621 2568 senatus
660 2539 694 2567 et
732 2534 802 2567 duo
836 2545 946 2578 paene
980 2535 1049 2567 iam
1075 2535 1197 2579 populi
1223 2532 1318 2568 sint?
1368 2535 1471 2573 Nam,
1499 2539 1537 2567 ut
1563 2534 1706 2573 uidetis,

237 2604 332 2625 mors
358 2594 411 2627 Ti.
439 2595 589 2627 Gracchi
616 2600 649 2626 et
674 2595 740 2626 iam
767 2599 846 2626 ante
865 2599 940 2627 tota
963 2594 1059 2627 illius
1077 2595 1165 2627 ratio
1184 2595 1381 2627 tribunatus
1401 2595 1521 2627 diuisit
1538 2594 1707 2637 populum

230 2663 336 2685 unum
368 2652 404 2685 in
443 2653 530 2685 duas
556 2653 678 2697 partis,
720 2653 977 2686 obtrectatores
1015 2658 1131 2687 autem
1173 2658 1207 2686 et
1245 2654 1356 2686 inuidi
1382 2650 1558 2697 Scipionis
1596 2654 1706 2686 initiis

233 2711 334 2744 sactis
361 2722 381 2744 a
404 2714 444 2745 P.
473 2712 600 2745 Crasso
629 2717 663 2745 et
688 2715 780 2756 App.
808 2713 973 2752 Claudio,
1011 2718 1132 2747 tenent
1165 2714 1277 2747 nihilo
1311 2714 1426 2746 minus
1461 2713 1534 2746 illis
1559 2714 1706 2746 mortuis

231 2776 371 2804 senatus
410 2771 555 2804 alteram
592 2777 727 2816 partem
769 2773 999 2806 dissidentem
1037 2785 1056 2807 a
1096 2774 1198 2807 uobis
1237 2778 1379 2807 auctore
1415 2773 1568 2807 Metello
1602 2779 1637 2806 et
1666 2777 1709 2809 P.

231 2830 368 2864 Mucio’
394 2842 424 2865 e.
451 2842 482 2874 q.
512 2843 539 2865 s.
