<?xml version="1.0" encoding="UTF-8"?>
<!DOCTYPE html PUBLIC "-//W3C//DTD XHTML 1.0 Transitional//EN"
    "http://www.w3.org/TR/xhtml1/DTD/xhtml1-transitional.dtd">
<html xmlns="http://www.w3.org/1999/xhtml" xml:lang="en" lang="en">
 <head>
  <title>
</title>
<meta http-equiv="Content-Type" content="text/html;charset=utf-8" />
  <meta name='ocr-system' content='tesseract 3.04.00' />
  <meta name='ocr-capabilities' content='ocr_page ocr_carea ocr_par ocr_line ocrx_word'/>
</head>
<body>
  <div class='ocr_page' id='page_1' title='image "4627074_0033.png"; bbox 0 0 1894 3403; ppageno 0'>
   <div class='ocr_carea' id='block_1_1' title="bbox 938 221 983 247">
    <p class='ocr_par' dir='ltr' id='par_1_1' title="bbox 938 221 983 247">
     <span class='ocr_line' id='line_1_1' title="bbox 938 221 983 247; baseline 0 0"><span class='ocrx_word' id='word_1_1' title='bbox 938 221 983 247; x_wconf 90' lang='lat'><strong>21</strong></span> 
     </span>
    </p>
   </div>
   <div class='ocr_carea' id='block_1_2' title="bbox 220 328 1703 1675">
    <p class='ocr_par' dir='ltr' id='par_1_2' title="bbox 220 328 1703 1675">
     <span class='ocr_line' id='line_1_2' title="bbox 227 328 1703 384; baseline -0.002 -11"><span class='ocrx_word' id='word_1_2' title='bbox 227 328 311 374; x_wconf 90' lang='grc' dir='ltr'>εἰσι</span> <span class='ocrx_word' id='word_1_3' title='bbox 340 331 601 384; x_wconf 90' lang='grc' dir='ltr'>θεωρητικαί,</span> <span class='ocrx_word' id='word_1_4' title='bbox 644 330 686 374; x_wconf 84' lang='grc' dir='ltr'><strong>αἱ</strong></span> <span class='ocrx_word' id='word_1_5' title='bbox 727 331 775 373; x_wconf 80' lang='grc' dir='ltr'><strong>δὲ</strong></span> <span class='ocrx_word' id='word_1_6' title='bbox 819 329 1054 383; x_wconf 87' lang='grc' dir='ltr'>πρακτικαί,</span> <span class='ocrx_word' id='word_1_7' title='bbox 1101 329 1143 371; x_wconf 81' lang='grc' dir='ltr'><strong>αἱ</strong></span> <span class='ocrx_word' id='word_1_8' title='bbox 1181 330 1229 371; x_wconf 79' lang='grc' dir='ltr'><strong>δὲ</strong></span> <span class='ocrx_word' id='word_1_9' title='bbox 1258 329 1482 381; x_wconf 89' lang='grc' dir='ltr'>ποιητικαί.</span> <span class='ocrx_word' id='word_1_10' title='bbox 1542 332 1703 370; x_wconf 87' lang='lat' dir='ltr'><strong>Eadem</strong></span> 
     </span>
     <span class='ocr_line' id='line_1_3' title="bbox 227 397 1703 449; baseline -0.002 -10"><span class='ocrx_word' id='word_1_11' title='bbox 227 401 324 439; x_wconf 93' lang='lat' dir='ltr'><strong>dicit</strong></span> <span class='ocrx_word' id='word_1_12' title='bbox 351 400 498 438; x_wconf 85' lang='lat' dir='ltr'><strong>Latine</strong></span> <span class='ocrx_word' id='word_1_13' title='bbox 529 402 693 449; x_wconf 87' lang='lat' dir='ltr'><strong>Quintil.</strong></span> <span class='ocrx_word' id='word_1_14' title='bbox 726 401 764 438; x_wconf 89' lang='grc' dir='ltr'><strong>ΙΙ</strong></span> <span class='ocrx_word' id='word_1_15' title='bbox 799 401 846 438; x_wconf 93' lang='lat'><strong>18</strong></span> <span class='ocrx_word' id='word_1_16' title='bbox 877 397 1003 438; x_wconf 80' lang='lat' dir='ltr'><strong>‘Cum</strong></span> <span class='ocrx_word' id='word_1_17' title='bbox 1036 401 1117 437; x_wconf 88' lang='lat' dir='ltr'><strong>sint</strong></span> <span class='ocrx_word' id='word_1_18' title='bbox 1149 406 1286 437; x_wconf 86' lang='lat' dir='ltr'><strong>autem</strong></span> <span class='ocrx_word' id='word_1_19' title='bbox 1316 401 1461 438; x_wconf 89' lang='lat' dir='ltr'><strong>artium</strong></span> <span class='ocrx_word' id='word_1_20' title='bbox 1492 401 1595 437; x_wconf 83' lang='lat' dir='ltr'><strong>aliae</strong></span> <span class='ocrx_word' id='word_1_21' title='bbox 1629 412 1703 449; x_wconf 93' lang='lat' dir='ltr'><strong>po-</strong></span> 
     </span>
     <span class='ocr_line' id='line_1_4' title="bbox 227 467 1703 520; baseline 0.001 -14"><span class='ocrx_word' id='word_1_22' title='bbox 227 468 331 507; x_wconf 87' lang='lat' dir='ltr'><strong>sitae</strong></span> <span class='ocrx_word' id='word_1_23' title='bbox 360 468 402 506; x_wconf 91' lang='lat' dir='ltr'><strong>in</strong></span> <span class='ocrx_word' id='word_1_24' title='bbox 431 469 688 520; x_wconf 82' lang='lat' dir='ltr'><strong>inspectione</strong></span> <span class='ocrx_word' id='word_1_25' title='bbox 719 499 729 509; x_wconf 91' lang='lat'><strong>.</strong></span> <span class='ocrx_word' id='word_1_26' title='bbox 760 499 769 508; x_wconf 89' lang='lat'><strong>.</strong></span> <span class='ocrx_word' id='word_1_27' title='bbox 802 500 810 508; x_wconf 93' lang='lat'><strong>.</strong></span> <span class='ocrx_word' id='word_1_28' title='bbox 842 469 945 507; x_wconf 89' lang='lat' dir='ltr'><strong>aliae</strong></span> <span class='ocrx_word' id='word_1_29' title='bbox 960 469 1001 507; x_wconf 91' lang='lat' dir='ltr'><strong>in</strong></span> <span class='ocrx_word' id='word_1_30' title='bbox 1025 469 1189 518; x_wconf 86' lang='lat' dir='ltr'><strong>agendo</strong></span> <span class='ocrx_word' id='word_1_31' title='bbox 1221 499 1229 508; x_wconf 94' lang='lat'><strong>.</strong></span> <span class='ocrx_word' id='word_1_32' title='bbox 1264 498 1272 507; x_wconf 93' lang='lat'><strong>.</strong></span> <span class='ocrx_word' id='word_1_33' title='bbox 1304 500 1312 508; x_wconf 91' lang='lat'><strong>.</strong></span> <span class='ocrx_word' id='word_1_34' title='bbox 1345 468 1449 507; x_wconf 84' lang='lat' dir='ltr'><strong>aliae</strong></span> <span class='ocrx_word' id='word_1_35' title='bbox 1481 468 1521 505; x_wconf 93' lang='lat' dir='ltr'><strong>in</strong></span> <span class='ocrx_word' id='word_1_36' title='bbox 1544 467 1703 507; x_wconf 88' lang='lat' dir='ltr'><strong>effectu.</strong></span> 
     </span>
     <span class='ocr_line' id='line_1_5' title="bbox 227 536 1701 588; baseline -0.001 -13"><span class='ocrx_word' id='word_1_37' title='bbox 227 549 333 587; x_wconf 89' lang='lat' dir='ltr'><strong>quae</strong></span> <span class='ocrx_word' id='word_1_38' title='bbox 364 538 510 588; x_wconf 88' lang='lat' dir='ltr'><strong>operis,</strong></span> <span class='ocrx_word' id='word_1_39' title='bbox 543 538 657 588; x_wconf 92' lang='lat' dir='ltr'><strong>quod</strong></span> <span class='ocrx_word' id='word_1_40' title='bbox 685 537 809 575; x_wconf 93' lang='lat' dir='ltr'><strong>oculis</strong></span> <span class='ocrx_word' id='word_1_41' title='bbox 840 537 1042 582; x_wconf 88' lang='lat' dir='ltr'><strong>subicitur,</strong></span> <span class='ocrx_word' id='word_1_42' title='bbox 1074 538 1426 575; x_wconf 85' lang='lat' dir='ltr'>consummatione</span> <span class='ocrx_word' id='word_1_43' title='bbox 1455 537 1578 575; x_wconf 87' lang='lat' dir='ltr'><strong>finem</strong></span> <span class='ocrx_word' id='word_1_44' title='bbox 1599 536 1701 574; x_wconf 89' lang='lat' dir='ltr'><strong>acci-</strong></span> 
     </span>
     <span class='ocr_line' id='line_1_6' title="bbox 225 600 1700 657; baseline -0.001 -13"><span class='ocrx_word' id='word_1_45' title='bbox 225 606 351 657; x_wconf 91' lang='lat' dir='ltr'><strong>piunt,</strong></span> <span class='ocrx_word' id='word_1_46' title='bbox 398 618 520 657; x_wconf 89' lang='lat' dir='ltr'><strong>quam</strong></span> <span class='ocrx_word' id='word_1_47' title='bbox 560 603 782 655; x_wconf 87' lang='grc' dir='ltr'>ποιητικὴν</span> <span class='ocrx_word' id='word_1_48' title='bbox 812 600 1080 655; x_wconf 84' lang='lat' dir='ltr'><strong>appellamus&#39;</strong></span> <span class='ocrx_word' id='word_1_49' title='bbox 1117 618 1154 644; x_wconf 87' lang='lat' dir='ltr'><strong>e.</strong></span> <span class='ocrx_word' id='word_1_50' title='bbox 1182 617 1219 655; x_wconf 91' lang='lat' dir='ltr'><strong>q.</strong></span> <span class='ocrx_word' id='word_1_51' title='bbox 1250 617 1281 643; x_wconf 89' lang='lat' dir='ltr'><strong>s.</strong></span> <span class='ocrx_word' id='word_1_52' title='bbox 1329 604 1447 645; x_wconf 90' lang='lat' dir='ltr'><strong>Conf.</strong></span> <span class='ocrx_word' id='word_1_53' title='bbox 1485 611 1700 656; x_wconf 85' lang='lat' dir='ltr'><strong>praeterea</strong></span> 
     </span>
     <span class='ocr_line' id='line_1_7' title="bbox 226 672 1700 724; baseline 0.002 -13"><span class='ocrx_word' id='word_1_54' title='bbox 226 674 329 714; x_wconf 87' lang='lat' dir='ltr'><strong>Plat.</strong></span> <span class='ocrx_word' id='word_1_55' title='bbox 384 675 506 724; x_wconf 94' lang='lat' dir='ltr'><strong>Soph.</strong></span> <span class='ocrx_word' id='word_1_56' title='bbox 543 687 583 724; x_wconf 93' lang='lat' dir='ltr'><strong>p.</strong></span> <span class='ocrx_word' id='word_1_57' title='bbox 620 685 700 722; x_wconf 88' lang='lat'><strong>219</strong></span> <span class='ocrx_word' id='word_1_58' title='bbox 731 672 805 711; x_wconf 94' lang='lat' dir='ltr'><strong>BD</strong></span> <span class='ocrx_word' id='word_1_59' title='bbox 839 673 917 722; x_wconf 85' lang='lat'><strong>265</strong></span> <span class='ocrx_word' id='word_1_60' title='bbox 956 674 994 711; x_wconf 91' lang='lat' dir='ltr'>A</span> <span class='ocrx_word' id='word_1_61' title='bbox 1037 674 1204 711; x_wconf 84' lang='lat' dir='ltr'><strong>Arist-ot.</strong></span> <span class='ocrx_word' id='word_1_62' title='bbox 1254 675 1308 711; x_wconf 91' lang='lat' dir='ltr'><strong>de</strong></span> <span class='ocrx_word' id='word_1_63' title='bbox 1358 680 1460 724; x_wconf 89' lang='lat' dir='ltr'><strong>part.</strong></span> <span class='ocrx_word' id='word_1_64' title='bbox 1510 675 1632 713; x_wconf 86' lang='lat' dir='ltr'><strong>anim.</strong></span> <span class='ocrx_word' id='word_1_65' title='bbox 1673 685 1700 713; x_wconf 92' lang='grc' dir='ltr'>α</span> 
     </span>
     <span class='ocr_line' id='line_1_8' title="bbox 225 738 1700 794; baseline -0.001 -11"><span class='ocrx_word' id='word_1_66' title='bbox 225 755 264 794; x_wconf 89' lang='lat' dir='ltr'><strong>p.</strong></span> <span class='ocrx_word' id='word_1_67' title='bbox 278 741 386 791; x_wconf 77' lang='lat'><strong>640²</strong></span> <span class='ocrx_word' id='word_1_68' title='bbox 417 752 487 793; x_wconf 92' lang='lat'><strong>27:</strong></span> <span class='ocrx_word' id='word_1_69' title='bbox 528 738 715 792; x_wconf 87' lang='grc' dir='ltr'>Ὁμοίως</span> <span class='ocrx_word' id='word_1_70' title='bbox 757 740 805 782; x_wconf 80' lang='grc' dir='ltr'><strong>δὲ</strong></span> <span class='ocrx_word' id='word_1_71' title='bbox 841 739 911 781; x_wconf 86' lang='grc' dir='ltr'><strong>καὶ</strong></span> <span class='ocrx_word' id='word_1_72' title='bbox 947 738 1015 781; x_wconf 84' lang='grc' dir='ltr'><strong>ἐπὶ</strong></span> <span class='ocrx_word' id='word_1_73' title='bbox 1053 741 1138 782; x_wconf 87' lang='grc' dir='ltr'><strong>τῶν</strong></span> <span class='ocrx_word' id='word_1_74' title='bbox 1169 738 1421 792; x_wconf 85' lang='grc' dir='ltr'>αὐτομάτως</span> <span class='ocrx_word' id='word_1_75' title='bbox 1453 739 1700 782; x_wconf 81' lang='grc' dir='ltr'>δοκούντων</span> 
     </span>
     <span class='ocr_line' id='line_1_9' title="bbox 224 807 1701 861; baseline -0.001 -11"><span class='ocrx_word' id='word_1_76' title='bbox 224 809 429 861; x_wconf 88' lang='grc' dir='ltr'>γίνεσθαι,</span> <span class='ocrx_word' id='word_1_77' title='bbox 472 807 664 859; x_wconf 88' lang='grc' dir='ltr'>καθάπερ</span> <span class='ocrx_word' id='word_1_78' title='bbox 711 808 780 849; x_wconf 85' lang='grc' dir='ltr'><strong>καὶ</strong></span> <span class='ocrx_word' id='word_1_79' title='bbox 815 807 882 849; x_wconf 83' lang='grc' dir='ltr'><strong>ἐπὶ</strong></span> <span class='ocrx_word' id='word_1_80' title='bbox 926 809 1014 849; x_wconf 87' lang='grc' dir='ltr'><strong>τῶν</strong></span> <span class='ocrx_word' id='word_1_81' title='bbox 1043 810 1304 859; x_wconf 86' lang='grc' dir='ltr'>τεχναστῶν.</span> <span class='ocrx_word' id='word_1_82' title='bbox 1363 807 1487 851; x_wconf 88' lang='grc' dir='ltr'>Ἔνια</span> <span class='ocrx_word' id='word_1_83' title='bbox 1518 808 1600 860; x_wconf 88' lang='grc' dir='ltr'><strong>γὰρ</strong></span> <span class='ocrx_word' id='word_1_84' title='bbox 1631 808 1701 850; x_wconf 93' lang='grc' dir='ltr'><strong>καὶ</strong></span> 
     </span>
     <span class='ocr_line' id='line_1_10' title="bbox 226 874 1698 929; baseline -0.001 -10"><span class='ocrx_word' id='word_1_85' title='bbox 226 876 313 920; x_wconf 90' lang='grc' dir='ltr'><strong>ἀπὸ</strong></span> <span class='ocrx_word' id='word_1_86' title='bbox 342 875 613 929; x_wconf 85' lang='grc' dir='ltr'>ταύτομάτου</span> <span class='ocrx_word' id='word_1_87' title='bbox 642 875 802 926; x_wconf 88' lang='grc' dir='ltr'>γίνεται</span> <span class='ocrx_word' id='word_1_88' title='bbox 832 874 967 918; x_wconf 87' lang='grc' dir='ltr'><strong>ταύτὰ</strong></span> <span class='ocrx_word' id='word_1_89' title='bbox 997 878 1090 928; x_wconf 85' lang='grc' dir='ltr'>τοῖς</span> <span class='ocrx_word' id='word_1_90' title='bbox 1122 874 1207 918; x_wconf 90' lang='grc' dir='ltr'><strong>ἀπὸ</strong></span> <span class='ocrx_word' id='word_1_91' title='bbox 1237 876 1391 928; x_wconf 88' lang='grc' dir='ltr'>τέχνης</span> <span class='ocrx_word' id='word_1_92' title='bbox 1422 874 1520 919; x_wconf 84' lang='grc' dir='ltr'>οἷον</span> <span class='ocrx_word' id='word_1_93' title='bbox 1550 876 1698 927; x_wconf 87' lang='grc' dir='ltr'>ὑγίεια.</span> 
     </span>
     <span class='ocr_line' id='line_1_11' title="bbox 224 943 1700 997; baseline -0.001 -10"><span class='ocrx_word' id='word_1_94' title='bbox 224 945 320 987; x_wconf 88' lang='grc' dir='ltr'><strong>Τῶν</strong></span> <span class='ocrx_word' id='word_1_95' title='bbox 350 946 427 997; x_wconf 79' lang='grc' dir='ltr'><strong>μὲν</strong></span> <span class='ocrx_word' id='word_1_96' title='bbox 456 944 534 987; x_wconf 86' lang='grc' dir='ltr'><strong>οὖν</strong></span> <span class='ocrx_word' id='word_1_97' title='bbox 564 944 830 996; x_wconf 85' lang='grc' dir='ltr'>προϋπάρχει</span> <span class='ocrx_word' id='word_1_98' title='bbox 859 944 910 986; x_wconf 91' lang='grc' dir='ltr'><strong>τὸ</strong></span> <span class='ocrx_word' id='word_1_99' title='bbox 939 944 1169 997; x_wconf 90' lang='grc' dir='ltr'>ποιητικόν,</span> <span class='ocrx_word' id='word_1_100' title='bbox 1216 943 1312 987; x_wconf 88' lang='grc' dir='ltr'>οἷον</span> <span class='ocrx_word' id='word_1_101' title='bbox 1347 944 1700 997; x_wconf 84' lang='grc' dir='ltr'>ἀνδριαντοποιη-</span> 
     </span>
     <span class='ocr_line' id='line_1_12' title="bbox 224 1010 1697 1066; baseline -0.002 -11"><span class='ocrx_word' id='word_1_102' title='bbox 224 1012 338 1065; x_wconf 90' lang='grc' dir='ltr'>τική·</span> <span class='ocrx_word' id='word_1_103' title='bbox 383 1011 435 1055; x_wconf 90' lang='grc' dir='ltr'><strong>οὐ</strong></span> <span class='ocrx_word' id='word_1_104' title='bbox 465 1012 547 1065; x_wconf 87' lang='grc' dir='ltr'><strong>γὰρ</strong></span> <span class='ocrx_word' id='word_1_105' title='bbox 576 1011 737 1063; x_wconf 88' lang='grc' dir='ltr'>γίνεται</span> <span class='ocrx_word' id='word_1_106' title='bbox 768 1010 1022 1064; x_wconf 84' lang='grc' dir='ltr'>αὐτόματον.</span> <span class='ocrx_word' id='word_1_107' title='bbox 1060 1014 1213 1066; x_wconf 85' lang='lat' dir='ltr'><strong>Magna</strong></span> <span class='ocrx_word' id='word_1_108' title='bbox 1242 1027 1342 1053; x_wconf 89' lang='lat' dir='ltr'><strong>mor.</strong></span> <span class='ocrx_word' id='word_1_109' title='bbox 1382 1026 1409 1054; x_wconf 92' lang='grc' dir='ltr'>α</span> <span class='ocrx_word' id='word_1_110' title='bbox 1441 1027 1480 1065; x_wconf 93' lang='lat' dir='ltr'><strong>p.</strong></span> <span class='ocrx_word' id='word_1_111' title='bbox 1520 1013 1653 1064; x_wconf 54' lang='grc' dir='ltr'><strong>1197ἷὶῑ</strong></span> <span class='ocrx_word' id='word_1_112' title='bbox 1674 1026 1697 1063; x_wconf 84' lang='lat'>3</span> 
     </span>
     <span class='ocr_line' id='line_1_13' title="bbox 224 1080 1699 1132; baseline 0 -10"><span class='ocrx_word' id='word_1_113' title='bbox 224 1080 348 1123; x_wconf 88' lang='grc' dir='ltr'>Ἔστι</span> <span class='ocrx_word' id='word_1_114' title='bbox 393 1081 444 1132; x_wconf 84' lang='grc' dir='ltr'><strong>δὴ</strong></span> <span class='ocrx_word' id='word_1_115' title='bbox 479 1083 565 1123; x_wconf 89' lang='grc' dir='ltr'><strong>τῶν</strong></span> <span class='ocrx_word' id='word_1_116' title='bbox 593 1080 860 1132; x_wconf 85' lang='grc' dir='ltr'>ποιουμένων</span> <span class='ocrx_word' id='word_1_117' title='bbox 905 1081 974 1122; x_wconf 91' lang='grc' dir='ltr'><strong>καὶ</strong></span> <span class='ocrx_word' id='word_1_118' title='bbox 1019 1081 1325 1132; x_wconf 85' lang='grc' dir='ltr'>πραττομένων</span> <span class='ocrx_word' id='word_1_119' title='bbox 1368 1081 1421 1123; x_wconf 89' lang='grc' dir='ltr'><strong>οὐ</strong></span> <span class='ocrx_word' id='word_1_120' title='bbox 1469 1080 1603 1123; x_wconf 88' lang='grc' dir='ltr'><strong>ταύτὸ</strong></span> <span class='ocrx_word' id='word_1_121' title='bbox 1648 1081 1699 1122; x_wconf 92' lang='grc' dir='ltr'><strong>τὸ</strong></span> 
     </span>
     <span class='ocr_line' id='line_1_14' title="bbox 224 1147 1699 1200; baseline -0.001 -10"><span class='ocrx_word' id='word_1_122' title='bbox 224 1148 445 1200; x_wconf 90' lang='grc' dir='ltr'>ποιητικὸν</span> <span class='ocrx_word' id='word_1_123' title='bbox 469 1148 537 1189; x_wconf 91' lang='grc' dir='ltr'><strong>καὶ</strong></span> <span class='ocrx_word' id='word_1_124' title='bbox 556 1147 804 1200; x_wconf 90' lang='grc' dir='ltr'>πρακτικόν·</span> <span class='ocrx_word' id='word_1_125' title='bbox 835 1150 920 1190; x_wconf 90' lang='grc' dir='ltr'><strong>τῶν</strong></span> <span class='ocrx_word' id='word_1_126' title='bbox 941 1149 1016 1199; x_wconf 83' lang='grc' dir='ltr'><strong>μὲν</strong></span> <span class='ocrx_word' id='word_1_127' title='bbox 1045 1148 1127 1200; x_wconf 87' lang='grc' dir='ltr'><strong>γὰρ</strong></span> <span class='ocrx_word' id='word_1_128' title='bbox 1147 1150 1379 1199; x_wconf 86' lang='grc' dir='ltr'>ποιητικῶν</span> <span class='ocrx_word' id='word_1_129' title='bbox 1400 1148 1492 1190; x_wconf 84' lang='grc' dir='ltr'>ἐστί</span> <span class='ocrx_word' id='word_1_130' title='bbox 1512 1162 1551 1190; x_wconf 92' lang='grc' dir='ltr'>τι</span> <span class='ocrx_word' id='word_1_131' title='bbox 1580 1148 1699 1199; x_wconf 87' lang='grc' dir='ltr'>παρὰ</span> 
     </span>
     <span class='ocr_line' id='line_1_15' title="bbox 224 1214 1697 1268; baseline -0.001 -10"><span class='ocrx_word' id='word_1_132' title='bbox 224 1216 303 1268; x_wconf 88' lang='grc' dir='ltr'><strong>τὴν</strong></span> <span class='ocrx_word' id='word_1_133' title='bbox 332 1215 506 1267; x_wconf 86' lang='grc' dir='ltr'>ποίησιν</span> <span class='ocrx_word' id='word_1_134' title='bbox 536 1214 642 1259; x_wconf 89' lang='grc' dir='ltr'>ἄλλο</span> <span class='ocrx_word' id='word_1_135' title='bbox 673 1216 811 1268; x_wconf 86' lang='grc' dir='ltr'>τέλος,</span> <span class='ocrx_word' id='word_1_136' title='bbox 843 1214 940 1259; x_wconf 85' lang='grc' dir='ltr'>οἷον</span> <span class='ocrx_word' id='word_1_137' title='bbox 969 1216 1086 1268; x_wconf 89' lang='grc' dir='ltr'>παρὰ</span> <span class='ocrx_word' id='word_1_138' title='bbox 1123 1216 1201 1267; x_wconf 84' lang='grc' dir='ltr'><strong>τὴν</strong></span> <span class='ocrx_word' id='word_1_139' title='bbox 1232 1215 1519 1268; x_wconf 80' lang='grc' dir='ltr'>οἰκοδομικὴν,</span> <span class='ocrx_word' id='word_1_140' title='bbox 1550 1215 1697 1267; x_wconf 74' lang='grc' dir='ltr'>ἐπειδή</span> 
     </span>
     <span class='ocr_line' id='line_1_16' title="bbox 225 1284 1698 1336; baseline -0.001 -10"><span class='ocrx_word' id='word_1_141' title='bbox 225 1284 317 1326; x_wconf 84' lang='grc' dir='ltr'>ἐστι</span> <span class='ocrx_word' id='word_1_142' title='bbox 346 1285 540 1335; x_wconf 90' lang='grc' dir='ltr'>ποιητικὴ</span> <span class='ocrx_word' id='word_1_143' title='bbox 571 1284 718 1335; x_wconf 87' lang='grc' dir='ltr'>οἰκίας,</span> <span class='ocrx_word' id='word_1_144' title='bbox 750 1284 861 1327; x_wconf 92' lang='grc' dir='ltr'>οἰκία</span> <span class='ocrx_word' id='word_1_145' title='bbox 882 1284 1015 1335; x_wconf 84' lang='grc' dir='ltr'>αὐτῆς</span> <span class='ocrx_word' id='word_1_146' title='bbox 1046 1285 1097 1326; x_wconf 91' lang='grc' dir='ltr'><strong>τὸ</strong></span> <span class='ocrx_word' id='word_1_147' title='bbox 1127 1285 1253 1335; x_wconf 87' lang='grc' dir='ltr'>τέλος</span> <span class='ocrx_word' id='word_1_148' title='bbox 1273 1285 1392 1336; x_wconf 90' lang='grc' dir='ltr'>παρὰ</span> <span class='ocrx_word' id='word_1_149' title='bbox 1410 1285 1490 1335; x_wconf 87' lang='grc' dir='ltr'><strong>τὴν</strong></span> <span class='ocrx_word' id='word_1_150' title='bbox 1510 1284 1698 1335; x_wconf 88' lang='grc' dir='ltr'>ποίησιν.</span> 
     </span>
     <span class='ocr_line' id='line_1_17' title="bbox 220 1350 1699 1404; baseline -0.001 -10"><span class='ocrx_word' id='word_1_151' title='bbox 220 1350 407 1404; x_wconf 88' lang='grc' dir='ltr'>Ὁμοίως</span> <span class='ocrx_word' id='word_1_152' title='bbox 437 1352 505 1394; x_wconf 80' lang='grc' dir='ltr'><strong>ἐπὶ</strong></span> <span class='ocrx_word' id='word_1_153' title='bbox 533 1354 778 1403; x_wconf 90' lang='grc' dir='ltr'>τεκτονικῆς</span> <span class='ocrx_word' id='word_1_154' title='bbox 808 1352 877 1394; x_wconf 85' lang='grc' dir='ltr'><strong>καὶ</strong></span> <span class='ocrx_word' id='word_1_155' title='bbox 905 1354 992 1394; x_wconf 89' lang='grc' dir='ltr'><strong>τῶν</strong></span> <span class='ocrx_word' id='word_1_156' title='bbox 1023 1351 1167 1394; x_wconf 85' lang='grc' dir='ltr'>ἄλλων</span> <span class='ocrx_word' id='word_1_157' title='bbox 1197 1354 1283 1394; x_wconf 86' lang='grc' dir='ltr'><strong>τῶν</strong></span> <span class='ocrx_word' id='word_1_158' title='bbox 1303 1354 1544 1403; x_wconf 84' lang='grc' dir='ltr'>ποιητικῶν.</span> <span class='ocrx_word' id='word_1_159' title='bbox 1593 1353 1699 1403; x_wconf 89' lang='lat' dir='ltr'><strong>Top.</strong></span> 
     </span>
     <span class='ocr_line' id='line_1_18' title="bbox 223 1421 1700 1471; baseline -0.003 -9"><span class='ocrx_word' id='word_1_160' title='bbox 223 1423 245 1462; x_wconf 86' lang='lat' dir='ltr'>Z</span> <span class='ocrx_word' id='word_1_161' title='bbox 273 1435 312 1471; x_wconf 90' lang='lat' dir='ltr'><strong>p.</strong></span> <span class='ocrx_word' id='word_1_162' title='bbox 349 1429 456 1470; x_wconf 71' lang='lat'>145²</span> <span class='ocrx_word' id='word_1_163' title='bbox 491 1433 537 1459; x_wconf 93' lang='lat'><strong>12</strong></span> <span class='ocrx_word' id='word_1_164' title='bbox 569 1422 750 1471; x_wconf 85' lang='lat' dir='ltr'><strong>Metaph.</strong></span> <span class='ocrx_word' id='word_1_165' title='bbox 784 1433 804 1461; x_wconf 91' lang='grc' dir='ltr'>ε</span> <span class='ocrx_word' id='word_1_166' title='bbox 843 1435 881 1471; x_wconf 90' lang='lat' dir='ltr'><strong>p.</strong></span> <span class='ocrx_word' id='word_1_167' title='bbox 919 1422 1051 1469; x_wconf 89' lang='lat' dir='ltr'><strong>1025b</strong></span> <span class='ocrx_word' id='word_1_168' title='bbox 1087 1432 1152 1469; x_wconf 86' lang='lat'><strong>25.</strong></span> <span class='ocrx_word' id='word_1_169' title='bbox 1215 1422 1411 1459; x_wconf 84' lang='lat' dir='ltr'><strong>Poeetz‘con</strong></span> <span class='ocrx_word' id='word_1_170' title='bbox 1454 1422 1552 1459; x_wconf 91' lang='lat' dir='ltr'><strong>illud</strong></span> <span class='ocrx_word' id='word_1_171' title='bbox 1593 1421 1700 1458; x_wconf 84' lang='lat' dir='ltr'><strong>refe-</strong></span> 
     </span>
     <span class='ocr_line' id='line_1_19' title="bbox 223 1488 1700 1540; baseline -0.001 -12"><span class='ocrx_word' id='word_1_172' title='bbox 223 1495 333 1528; x_wconf 87' lang='lat' dir='ltr'>ratur</span> <span class='ocrx_word' id='word_1_173' title='bbox 358 1501 531 1528; x_wconf 87' lang='lat' dir='ltr'><strong>necesse</strong></span> <span class='ocrx_word' id='word_1_174' title='bbox 568 1494 632 1528; x_wconf 86' lang='lat' dir='ltr'><strong>est</strong></span> <span class='ocrx_word' id='word_1_175' title='bbox 668 1490 723 1527; x_wconf 90' lang='lat' dir='ltr'><strong>ad</strong></span> <span class='ocrx_word' id='word_1_176' title='bbox 755 1489 862 1528; x_wconf 88' lang='lat' dir='ltr'><strong>hanc</strong></span> <span class='ocrx_word' id='word_1_177' title='bbox 899 1489 953 1526; x_wconf 88' lang='lat' dir='ltr'><strong>de</strong></span> <span class='ocrx_word' id='word_1_178' title='bbox 984 1489 1136 1527; x_wconf 88' lang='lat' dir='ltr'><strong>artibus</strong></span> <span class='ocrx_word' id='word_1_179' title='bbox 1170 1489 1409 1539; x_wconf 84' lang='lat' dir='ltr'>doctrinam,</span> <span class='ocrx_word' id='word_1_180' title='bbox 1446 1501 1569 1540; x_wconf 84' lang='lat' dir='ltr'><strong>quam</strong></span> <span class='ocrx_word' id='word_1_181' title='bbox 1600 1488 1700 1526; x_wconf 88' lang='lat' dir='ltr'><strong>ludit</strong></span> 
     </span>
     <span class='ocr_line' id='line_1_20' title="bbox 222 1553 1697 1607; baseline -0.001 -12"><span class='ocrx_word' id='word_1_182' title='bbox 222 1563 348 1607; x_wconf 89' lang='lat' dir='ltr'><strong>poeta</strong></span> <span class='ocrx_word' id='word_1_183' title='bbox 374 1570 465 1594; x_wconf 89' lang='lat' dir='ltr'><strong>cum</strong></span> <span class='ocrx_word' id='word_1_184' title='bbox 495 1558 591 1594; x_wconf 91' lang='lat' dir='ltr'><strong>dicit</strong></span> <span class='ocrx_word' id='word_1_185' title='bbox 619 1558 672 1594; x_wconf 89' lang='lat' dir='ltr'><strong>de</strong></span> <span class='ocrx_word' id='word_1_186' title='bbox 702 1557 966 1607; x_wconf 89' lang='lat' dir='ltr'><strong>philosopho:</strong></span> <span class='ocrx_word' id='word_1_187' title='bbox 1017 1553 1119 1594; x_wconf 85' lang='lat' dir='ltr'><strong>‘Scit</strong></span> <span class='ocrx_word' id='word_1_188' title='bbox 1148 1563 1278 1594; x_wconf 86' lang='lat' dir='ltr'><strong>artem</strong></span> <span class='ocrx_word' id='word_1_189' title='bbox 1309 1557 1504 1594; x_wconf 88' lang='lat' dir='ltr'><strong>fullonum</strong></span> <span class='ocrx_word' id='word_1_190' title='bbox 1534 1563 1577 1594; x_wconf 84' lang='lat' dir='ltr'><strong>et</strong></span> <span class='ocrx_word' id='word_1_191' title='bbox 1606 1563 1697 1594; x_wconf 85' lang='lat' dir='ltr'><strong>tex-</strong></span> 
     </span>
     <span class='ocr_line' id='line_1_21' title="bbox 223 1621 1466 1675; baseline 0 -12"><span class='ocrx_word' id='word_1_192' title='bbox 223 1631 356 1663; x_wconf 83' lang='lat' dir='ltr'><strong>torum</strong></span> <span class='ocrx_word' id='word_1_193' title='bbox 382 1622 604 1674; x_wconf 85' lang='grc' dir='ltr'>ποιητικήν</span> <span class='ocrx_word' id='word_1_194' title='bbox 634 1636 726 1662; x_wconf 89' lang='lat' dir='ltr'><strong>esse</strong></span> <span class='ocrx_word' id='word_1_195' title='bbox 756 1625 871 1663; x_wconf 91' lang='lat' dir='ltr'><strong>uidet</strong></span> <span class='ocrx_word' id='word_1_196' title='bbox 897 1630 996 1675; x_wconf 85' lang='lat' dir='ltr'><strong>toga</strong></span> <span class='ocrx_word' id='word_1_197' title='bbox 1023 1630 1064 1662; x_wconf 90' lang='lat' dir='ltr'><strong>et</strong></span> <span class='ocrx_word' id='word_1_198' title='bbox 1093 1625 1227 1662; x_wconf 88' lang='lat' dir='ltr'><strong>tunica</strong></span> <span class='ocrx_word' id='word_1_199' title='bbox 1258 1625 1355 1675; x_wconf 90' lang='lat' dir='ltr'><strong>quid</strong></span> <span class='ocrx_word' id='word_1_200' title='bbox 1385 1621 1466 1663; x_wconf 63' lang='grc' dir='ltr'>εἰτ’.</span> 
     </span>
    </p>
   </div>
   <div class='ocr_carea' id='block_1_3' title="bbox 832 1755 1096 1762">
    <p class='ocr_par' dir='ltr' id='par_1_3' title="bbox 832 1755 1096 1762">
     <span class='ocr_line' id='line_1_22' title="bbox 832 1755 1096 1762; baseline 0 0"><span class='ocrx_word' id='word_1_201' title='bbox 832 1755 1096 1762; x_wconf 95' lang='lat' dir='ltr'><strong> </strong></span> 
     </span>
    </p>
   </div>
   <div class='ocr_carea' id='block_1_4' title="bbox 187 1875 1701 2676">
    <p class='ocr_par' dir='ltr' id='par_1_4' title="bbox 223 1875 1697 1982">
     <span class='ocr_line' id='line_1_23' title="bbox 354 1875 1697 1928; baseline 0.001 -15"><span class='ocrx_word' id='word_1_202' title='bbox 354 1875 477 1914; x_wconf 89' lang='lat' dir='ltr'><strong>Libro</strong></span> <span class='ocrx_word' id='word_1_203' title='bbox 506 1875 603 1914; x_wconf 95' lang='lat' dir='ltr'><strong>XVI</strong></span> <span class='ocrx_word' id='word_1_204' title='bbox 646 1889 709 1915; x_wconf 94' lang='lat' dir='ltr'><strong>uu.</strong></span> <span class='ocrx_word' id='word_1_205' title='bbox 740 1886 824 1924; x_wconf 89' lang='lat'><strong>450</strong></span> <span class='ocrx_word' id='word_1_206' title='bbox 855 1889 944 1928; x_wconf 88' lang='lat' dir='ltr'><strong>sqq.</strong></span> <span class='ocrx_word' id='word_1_207' title='bbox 972 1877 1005 1914; x_wconf 95' lang='lat' dir='ltr'>L</span> <span class='ocrx_word' id='word_1_208' title='bbox 1037 1876 1062 1914; x_wconf 81' lang='grc' dir='ltr'>ὁ</span> <span class='ocrx_word' id='word_1_209' title='bbox 1111 1888 1199 1927; x_wconf 89' lang='lat' dir='ltr'><strong>sqq.</strong></span> <span class='ocrx_word' id='word_1_210' title='bbox 1231 1876 1275 1914; x_wconf 94' lang='lat' dir='ltr'>M</span> <span class='ocrx_word' id='word_1_211' title='bbox 1305 1876 1483 1914; x_wconf 90' lang='lat' dir='ltr'><strong>Bentino</strong></span> <span class='ocrx_word' id='word_1_212' title='bbox 1529 1884 1697 1915; x_wconf 90' lang='lat' dir='ltr'><strong>auctore</strong></span> 
     </span>
     <span class='ocr_line' id='line_1_24' title="bbox 223 1944 511 1982; baseline 0 0"><span class='ocrx_word' id='word_1_213' title='bbox 223 1944 280 1982; x_wconf 93' lang='lat' dir='ltr'><strong>sic</strong></span> <span class='ocrx_word' id='word_1_214' title='bbox 309 1949 511 1982; x_wconf 89' lang='lat' dir='ltr'><strong>correctos</strong></span> 
     </span>
    </p>

    <p class='ocr_par' dir='ltr' id='par_1_5' title="bbox 334 2011 1697 2064">
     <span class='ocr_line' id='line_1_25' title="bbox 334 2011 1697 2064; baseline 0.001 -14"><span class='ocrx_word' id='word_1_215' title='bbox 334 2012 426 2050; x_wconf 81' lang='lat' dir='ltr'><strong>Rex</strong></span> <span class='ocrx_word' id='word_1_216' title='bbox 443 2011 569 2051; x_wconf 90' lang='lat' dir='ltr'><strong>Cotus</strong></span> <span class='ocrx_word' id='word_1_217' title='bbox 599 2013 665 2051; x_wconf 91' lang='lat' dir='ltr'><strong>ille</strong></span> <span class='ocrx_word' id='word_1_218' title='bbox 695 2014 775 2050; x_wconf 92' lang='lat' dir='ltr'><strong>duo</strong></span> <span class='ocrx_word' id='word_1_219' title='bbox 806 2012 881 2050; x_wconf 91' lang='lat' dir='ltr'><strong>hos</strong></span> <span class='ocrx_word' id='word_1_220' title='bbox 911 2018 1071 2058; x_wconf 86' lang='lat' dir='ltr'><strong>uentos,</strong></span> <span class='ocrx_word' id='word_1_221' title='bbox 1108 2018 1288 2051; x_wconf 87' lang='lat' dir='ltr'><strong>austrum</strong></span> <span class='ocrx_word' id='word_1_222' title='bbox 1309 2018 1433 2063; x_wconf 88' lang='lat' dir='ltr'><strong>atque</strong></span> <span class='ocrx_word' id='word_1_223' title='bbox 1465 2014 1697 2064; x_wconf 87' lang='lat' dir='ltr'><strong>aquilonem</strong></span> 
     </span>
    </p>

    <p class='ocr_par' dir='ltr' id='par_1_6' title="bbox 333 2082 1238 2132">
     <span class='ocr_line' id='line_1_26' title="bbox 333 2082 1238 2132; baseline 0.001 -14"><span class='ocrx_word' id='word_1_224' title='bbox 333 2082 498 2119; x_wconf 91' lang='lat' dir='ltr'><strong>nouisse</strong></span> <span class='ocrx_word' id='word_1_225' title='bbox 528 2082 664 2119; x_wconf 84' lang='lat' dir='ltr'><strong>aiebat</strong></span> <span class='ocrx_word' id='word_1_226' title='bbox 691 2095 730 2119; x_wconf 87' lang='lat' dir='ltr'><strong>se</strong></span> <span class='ocrx_word' id='word_1_227' title='bbox 758 2082 869 2120; x_wconf 88' lang='lat' dir='ltr'><strong>solos</strong></span> <span class='ocrx_word' id='word_1_228' title='bbox 901 2083 1106 2132; x_wconf 87' lang='lat' dir='ltr'><strong>demagis:</strong></span> <span class='ocrx_word' id='word_1_229' title='bbox 1139 2082 1238 2120; x_wconf 89' lang='lat' dir='ltr'><strong>istos</strong></span> 
     </span>
    </p>

    <p class='ocr_par' dir='ltr' id='par_1_7' title="bbox 335 2149 1448 2200">
     <span class='ocr_line' id='line_1_27' title="bbox 335 2149 1448 2200; baseline 0.003 -13"><span class='ocrx_word' id='word_1_230' title='bbox 335 2160 385 2187; x_wconf 86' lang='lat' dir='ltr'><strong>ex</strong></span> <span class='ocrx_word' id='word_1_231' title='bbox 411 2149 549 2187; x_wconf 92' lang='lat' dir='ltr'><strong>nimbo</strong></span> <span class='ocrx_word' id='word_1_232' title='bbox 580 2150 772 2188; x_wconf 86' lang='lat' dir='ltr'><strong>austellos</strong></span> <span class='ocrx_word' id='word_1_233' title='bbox 803 2162 879 2187; x_wconf 91' lang='lat' dir='ltr'><strong>nec</strong></span> <span class='ocrx_word' id='word_1_234' title='bbox 908 2161 1032 2188; x_wconf 89' lang='lat' dir='ltr'><strong>nosse</strong></span> <span class='ocrx_word' id='word_1_235' title='bbox 1061 2162 1139 2187; x_wconf 87' lang='lat' dir='ltr'><strong>nec</strong></span> <span class='ocrx_word' id='word_1_236' title='bbox 1169 2161 1261 2187; x_wconf 91' lang='lat' dir='ltr'><strong>esse</strong></span> <span class='ocrx_word' id='word_1_237' title='bbox 1291 2155 1448 2200; x_wconf 85' lang='lat' dir='ltr'><strong>putare.</strong></span> 
     </span>
    </p>

    <p class='ocr_par' dir='ltr' id='par_1_8' title="bbox 222 2215 1136 2268">
     <span class='ocr_line' id='line_1_28' title="bbox 222 2215 1136 2268; baseline 0.001 -13"><span class='ocrx_word' id='word_1_238' title='bbox 222 2230 247 2255; x_wconf 92' lang='lat' dir='ltr'><strong>a</strong></span> <span class='ocrx_word' id='word_1_239' title='bbox 276 2217 384 2256; x_wconf 88' lang='lat' dir='ltr'><strong>nullo</strong></span> <span class='ocrx_word' id='word_1_240' title='bbox 398 2215 426 2267; x_wconf 93' lang='lat'><strong>¹)</strong></span> <span class='ocrx_word' id='word_1_241' title='bbox 458 2217 592 2256; x_wconf 89' lang='lat' dir='ltr'><strong>adhuc</strong></span> <span class='ocrx_word' id='word_1_242' title='bbox 622 2218 844 2268; x_wconf 87' lang='lat' dir='ltr'><strong>explicatos</strong></span> <span class='ocrx_word' id='word_1_243' title='bbox 876 2230 969 2256; x_wconf 88' lang='lat' dir='ltr'><strong>esse</strong></span> <span class='ocrx_word' id='word_1_244' title='bbox 1000 2218 1136 2257; x_wconf 87' lang='lat' dir='ltr'><strong>uideo.</strong></span> 
     </span>
    </p>

    <p class='ocr_par' dir='ltr' id='par_1_9' title="bbox 187 2283 1701 2676">
     <span class='ocr_line' id='line_1_29' title="bbox 356 2283 1699 2336; baseline 0.002 -15"><span class='ocrx_word' id='word_1_245' title='bbox 356 2283 511 2322; x_wconf 88' lang='lat' dir='ltr'><strong>Omitto</strong></span> <span class='ocrx_word' id='word_1_246' title='bbox 542 2285 707 2335; x_wconf 91' lang='lat' dir='ltr'><strong>quidem</strong></span> <span class='ocrx_word' id='word_1_247' title='bbox 738 2285 817 2322; x_wconf 91' lang='lat' dir='ltr'><strong>hoc</strong></span> <span class='ocrx_word' id='word_1_248' title='bbox 846 2286 935 2322; x_wconf 90' lang='lat' dir='ltr'><strong>loco</strong></span> <span class='ocrx_word' id='word_1_249' title='bbox 967 2286 1020 2323; x_wconf 84' lang='lat' dir='ltr'><strong>de</strong></span> <span class='ocrx_word' id='word_1_250' title='bbox 1049 2285 1251 2322; x_wconf 89' lang='lat' dir='ltr'><strong>uocabulo</strong></span> <span class='ocrx_word' id='word_1_251' title='bbox 1296 2286 1466 2334; x_wconf 81' lang='lat' dir='ltr'><strong>demagis</strong></span> <span class='ocrx_word' id='word_1_252' title='bbox 1501 2298 1699 2336; x_wconf 88' lang='lat' dir='ltr'><strong>quaerere</strong></span> 
     </span>
     <span class='ocr_line' id='line_1_30' title="bbox 222 2352 1699 2404; baseline 0.001 -12"><span class='ocrx_word' id='word_1_253' title='bbox 222 2352 416 2403; x_wconf 86' lang='lat' dir='ltr'><strong>amplius:</strong></span> <span class='ocrx_word' id='word_1_254' title='bbox 448 2353 560 2403; x_wconf 92' lang='lat' dir='ltr'><strong>quod</strong></span> <span class='ocrx_word' id='word_1_255' title='bbox 590 2366 680 2391; x_wconf 89' lang='lat' dir='ltr'><strong>cum</strong></span> <span class='ocrx_word' id='word_1_256' title='bbox 714 2352 957 2392; x_wconf 87' lang='lat' dir='ltr'><strong>Philoxenos</strong></span> <span class='ocrx_word' id='word_1_257' title='bbox 987 2359 1120 2391; x_wconf 86' lang='lat' dir='ltr'><strong>uertat</strong></span> <span class='ocrx_word' id='word_1_258' title='bbox 1135 2352 1345 2404; x_wconf 85' lang='grc' dir='ltr'>σψοδρῶς</span> <span class='ocrx_word' id='word_1_259' title='bbox 1377 2354 1476 2393; x_wconf 90' lang='lat' dir='ltr'><strong>alius</strong></span> <span class='ocrx_word' id='word_1_260' title='bbox 1492 2354 1699 2404; x_wconf 86' lang='lat' dir='ltr'><strong>glossator</strong></span> 
     </span>
     <span class='ocr_line' id='line_1_31' title="bbox 222 2420 1697 2473; baseline 0.002 -16"><span class='ocrx_word' id='word_1_261' title='bbox 222 2421 333 2470; x_wconf 87' lang='lat' dir='ltr'><strong>apud</strong></span> <span class='ocrx_word' id='word_1_262' title='bbox 363 2420 572 2458; x_wconf 91' lang='lat' dir='ltr'><strong>Loewium</strong></span> <span class='ocrx_word' id='word_1_263' title='bbox 601 2421 737 2469; x_wconf 88' lang='lat' dir='ltr'><strong>prodr.</strong></span> <span class='ocrx_word' id='word_1_264' title='bbox 767 2422 891 2469; x_wconf 79' lang='lat' dir='ltr'><strong>gloss,</strong></span> <span class='ocrx_word' id='word_1_265' title='bbox 918 2433 955 2470; x_wconf 94' lang='lat' dir='ltr'><strong>p.</strong></span> <span class='ocrx_word' id='word_1_266' title='bbox 986 2431 1067 2468; x_wconf 82' lang='lat'><strong>332</strong></span> <span class='ocrx_word' id='word_1_267' title='bbox 1103 2421 1339 2458; x_wconf 78' lang='lat' dir='ltr'><strong>uehementer</strong></span> <span class='ocrx_word' id='word_1_268' title='bbox 1370 2434 1476 2459; x_wconf 92' lang='lat' dir='ltr'><strong>uoce</strong></span> <span class='ocrx_word' id='word_1_269' title='bbox 1506 2423 1697 2473; x_wconf 87' lang='lat' dir='ltr'><strong>explicet,</strong></span> 
     </span>
     <span class='ocr_line' id='line_1_32' title="bbox 187 2486 1701 2538; baseline 0.001 -12"><span class='ocrx_word' id='word_1_270' title='bbox 187 2512 189 2514; x_wconf 96' lang='lat'>-</span> <span class='ocrx_word' id='word_1_271' title='bbox 223 2488 334 2538; x_wconf 89' lang='lat' dir='ltr'><strong>apud</strong></span> <span class='ocrx_word' id='word_1_272' title='bbox 364 2486 532 2526; x_wconf 86' lang='lat' dir='ltr'><strong>Paulum</strong></span> <span class='ocrx_word' id='word_1_273' title='bbox 561 2500 600 2538; x_wconf 95' lang='lat' dir='ltr'><strong>p.</strong></span> <span class='ocrx_word' id='word_1_274' title='bbox 623 2497 668 2538; x_wconf 91' lang='lat'><strong>71</strong></span> <span class='ocrx_word' id='word_1_275' title='bbox 704 2494 813 2526; x_wconf 88' lang='lat' dir='ltr'><strong>recte</strong></span> <span class='ocrx_word' id='word_1_276' title='bbox 835 2487 1059 2527; x_wconf 86' lang='lat' dir='ltr'><strong>correxisse</strong></span> <span class='ocrx_word' id='word_1_277' title='bbox 1076 2489 1247 2526; x_wconf 87' lang='lat' dir='ltr'><strong>arbitror</strong></span> <span class='ocrx_word' id='word_1_278' title='bbox 1276 2489 1385 2527; x_wconf 88' lang='lat' dir='ltr'><strong>uiros</strong></span> <span class='ocrx_word' id='word_1_279' title='bbox 1408 2490 1554 2528; x_wconf 85' lang='lat' dir='ltr'><strong>doctos</strong></span> <span class='ocrx_word' id='word_1_280' title='bbox 1586 2491 1701 2527; x_wconf 83' lang='lat' dir='ltr'><strong>nimis</strong></span> 
     </span>
     <span class='ocr_line' id='line_1_33' title="bbox 222 2555 1699 2609; baseline 0.003 -16"><span class='ocrx_word' id='word_1_281' title='bbox 222 2569 247 2594; x_wconf 90' lang='lat' dir='ltr'><strong>e</strong></span> <span class='ocrx_word' id='word_1_282' title='bbox 276 2556 420 2593; x_wconf 83' lang='lat' dir='ltr'><strong>minus:</strong></span> <span class='ocrx_word' id='word_1_283' title='bbox 452 2557 563 2594; x_wconf 89' lang='lat' dir='ltr'><strong>unde</strong></span> <span class='ocrx_word' id='word_1_284' title='bbox 599 2555 765 2594; x_wconf 81' lang='lat' dir='ltr'><strong>efficitur</strong></span> <span class='ocrx_word' id='word_1_285' title='bbox 793 2556 971 2594; x_wconf 91' lang='lat' dir='ltr'><strong>Nonium</strong></span> <span class='ocrx_word' id='word_1_286' title='bbox 1002 2558 1161 2595; x_wconf 91' lang='lat' dir='ltr'><strong>duobus</strong></span> <span class='ocrx_word' id='word_1_287' title='bbox 1199 2558 1412 2596; x_wconf 86' lang='lat' dir='ltr'><strong>uocabulis</strong></span> <span class='ocrx_word' id='word_1_288' title='bbox 1442 2559 1699 2609; x_wconf 85' lang='lat' dir='ltr'><strong>interpretari</strong></span> 
     </span>
     <span class='ocr_line' id='line_1_34' title="bbox 220 2618 1696 2676; baseline 0.002 -14"><span class='ocrx_word' id='word_1_289' title='bbox 220 2619 276 2674; x_wconf 82' lang='grc' dir='ltr'><strong>(Ρ.</strong></span> <span class='ocrx_word' id='word_1_290' title='bbox 292 2618 364 2675; x_wconf 86' lang='grc'><strong>98)</strong></span> <span class='ocrx_word' id='word_1_291' title='bbox 395 2624 593 2674; x_wconf 84' lang='lat' dir='ltr'><strong>demagis:</strong></span> <span class='ocrx_word' id='word_1_292' title='bbox 622 2624 752 2669; x_wconf 87' lang='lat' dir='ltr'><strong>ualde,</strong></span> <span class='ocrx_word' id='word_1_293' title='bbox 783 2625 932 2674; x_wconf 84' lang='lat' dir='ltr'><strong>magis:</strong></span> <span class='ocrx_word' id='word_1_294' title='bbox 961 2636 1059 2663; x_wconf 89' lang='lat' dir='ltr'><strong>nam</strong></span> <span class='ocrx_word' id='word_1_295' title='bbox 1086 2626 1204 2663; x_wconf 87' lang='lat' dir='ltr'><strong>ualde</strong></span> <span class='ocrx_word' id='word_1_296' title='bbox 1233 2627 1360 2676; x_wconf 84' lang='lat' dir='ltr'><strong>magis</strong></span> <span class='ocrx_word' id='word_1_297' title='bbox 1376 2626 1569 2665; x_wconf 89' lang='lat' dir='ltr'><strong>Latinum</strong></span> <span class='ocrx_word' id='word_1_298' title='bbox 1598 2640 1696 2665; x_wconf 90' lang='lat' dir='ltr'><strong>num</strong></span> 
     </span>
    </p>
   </div>
   <div class='ocr_carea' id='block_1_5' title="bbox 225 2729 490 2733">
    <p class='ocr_par' dir='ltr' id='par_1_10' title="bbox 225 2729 490 2733">
     <span class='ocr_line' id='line_1_35' title="bbox 225 2729 490 2733; baseline 0 0"><span class='ocrx_word' id='word_1_299' title='bbox 225 2729 490 2733; x_wconf 95' lang='lat' dir='ltr'><strong> </strong></span> 
     </span>
    </p>
   </div>
   <div class='ocr_carea' id='block_1_6' title="bbox 221 2787 1698 2891">
    <p class='ocr_par' dir='ltr' id='par_1_11' title="bbox 221 2787 1698 2891">
     <span class='ocr_line' id='line_1_36' title="bbox 358 2787 1698 2835; baseline 0.003 -15"><span class='ocrx_word' id='word_1_300' title='bbox 358 2787 385 2831; x_wconf 91' lang='lat'><strong>¹)</strong></span> <span class='ocrx_word' id='word_1_301' title='bbox 409 2787 599 2821; x_wconf 88' lang='lat' dir='ltr'><strong>Salmasius</strong></span> <span class='ocrx_word' id='word_1_302' title='bbox 626 2789 801 2821; x_wconf 84' lang='lat' dir='ltr'><strong>exercitat.</strong></span> <span class='ocrx_word' id='word_1_303' title='bbox 826 2789 918 2822; x_wconf 90' lang='lat' dir='ltr'><strong>Plin.</strong></span> <span class='ocrx_word' id='word_1_304' title='bbox 945 2800 979 2832; x_wconf 93' lang='lat' dir='ltr'><strong>p.</strong></span> <span class='ocrx_word' id='word_1_305' title='bbox 1004 2789 1072 2822; x_wconf 89' lang='lat'><strong>882</strong></span> <span class='ocrx_word' id='word_1_306' title='bbox 1106 2789 1195 2822; x_wconf 91' lang='lat' dir='ltr'><strong>nihil</strong></span> <span class='ocrx_word' id='word_1_307' title='bbox 1228 2790 1272 2822; x_wconf 90' lang='lat' dir='ltr'><strong>ad</strong></span> <span class='ocrx_word' id='word_1_308' title='bbox 1306 2790 1398 2823; x_wconf 86' lang='lat' dir='ltr'><strong>hunc</strong></span> <span class='ocrx_word' id='word_1_309' title='bbox 1433 2791 1561 2830; x_wconf 91' lang='lat' dir='ltr'><strong>locum,</strong></span> <span class='ocrx_word' id='word_1_310' title='bbox 1594 2801 1698 2835; x_wconf 90' lang='lat' dir='ltr'><strong>quem</strong></span> 
     </span>
     <span class='ocr_line' id='line_1_37' title="bbox 221 2845 784 2891; baseline 0.005 -14"><span class='ocrx_word' id='word_1_311' title='bbox 221 2845 356 2891; x_wconf 85' lang='lat' dir='ltr'><strong>laudat,</strong></span> <span class='ocrx_word' id='word_1_312' title='bbox 382 2846 631 2890; x_wconf 86' lang='lat' dir='ltr'><strong>explicandum</strong></span> <span class='ocrx_word' id='word_1_313' title='bbox 659 2848 784 2881; x_wconf 89' lang='lat' dir='ltr'><strong>attulit.</strong></span> 
     </span>
    </p>
   </div>
  </div>
 </body>
</html>
