<?xml version="1.0" encoding="UTF-8"?>
<!DOCTYPE html PUBLIC "-//W3C//DTD XHTML 1.0 Transitional//EN"
    "http://www.w3.org/TR/xhtml1/DTD/xhtml1-transitional.dtd">
<html xmlns="http://www.w3.org/1999/xhtml" xml:lang="en" lang="en">
 <head>
  <title>
</title>
<meta http-equiv="Content-Type" content="text/html;charset=utf-8" />
  <meta name='ocr-system' content='tesseract 3.04.00' />
  <meta name='ocr-capabilities' content='ocr_page ocr_carea ocr_par ocr_line ocrx_word'/>
</head>
<body>
  <div class='ocr_page' id='page_1' title='image "4627074_0097.png"; bbox 0 0 1894 3403; ppageno 0'>
   <div class='ocr_carea' id='block_1_1' title="bbox 943 214 994 262">
    <p class='ocr_par' dir='ltr' id='par_1_1' title="bbox 943 214 994 262">
     <span class='ocr_line' id='line_1_1' title="bbox 943 214 994 262; baseline 0 0"><span class='ocrx_word' id='word_1_1' title='bbox 943 214 994 262; x_wconf 84' lang='lat'>85</span> 
     </span>
    </p>
   </div>
   <div class='ocr_carea' id='block_1_2' title="bbox 229 338 1710 2759">
    <p class='ocr_par' dir='ltr' id='par_1_2' title="bbox 230 338 1710 1201">
     <span class='ocr_line' id='line_1_2' title="bbox 235 338 1706 390; baseline 0 -14"><span class='ocrx_word' id='word_1_2' title='bbox 235 338 468 388; x_wconf 87' lang='lat' dir='ltr'>prouinciae</span> <span class='ocrx_word' id='word_1_3' title='bbox 524 339 683 378; x_wconf 89' lang='lat' dir='ltr'>etiamsi</span> <span class='ocrx_word' id='word_1_4' title='bbox 724 340 942 390; x_wconf 91' lang='lat' dir='ltr'>proconsul</span> <span class='ocrx_word' id='word_1_5' title='bbox 991 340 1056 378; x_wconf 93' lang='lat' dir='ltr'>uel</span> <span class='ocrx_word' id='word_1_6' title='bbox 1100 340 1241 378; x_wconf 87' lang='lat' dir='ltr'>consul</span> <span class='ocrx_word' id='word_1_7' title='bbox 1295 345 1359 377; x_wconf 90' lang='lat' dir='ltr'>est</span> <span class='ocrx_word' id='word_1_8' title='bbox 1406 351 1706 388; x_wconf 86' lang='lat' dir='ltr'>saepenumero</span> 
     </span>
     <span class='ocr_line' id='line_1_3' title="bbox 230 405 1710 457; baseline 0.001 -14"><span class='ocrx_word' id='word_1_9' title='bbox 230 410 391 455; x_wconf 78' lang='lat' dir='ltr'>praetor</span> <span class='ocrx_word' id='word_1_10' title='bbox 410 405 574 445; x_wconf 90' lang='lat' dir='ltr'>dicitur:</span> <span class='ocrx_word' id='word_1_11' title='bbox 598 408 705 448; x_wconf 87' lang='lat' dir='ltr'>conf.</span> <span class='ocrx_word' id='word_1_12' title='bbox 727 408 958 446; x_wconf 88' lang='lat' dir='ltr'>Mommsen</span> <span class='ocrx_word' id='word_1_13' title='bbox 975 408 1119 447; x_wconf 90' lang='lat' dir='ltr'>Roem.</span> <span class='ocrx_word' id='word_1_14' title='bbox 1136 407 1305 446; x_wconf 86' lang='lat' dir='ltr'>Staatsr.</span> <span class='ocrx_word' id='word_1_15' title='bbox 1321 406 1339 444; x_wconf 93' lang='grc' dir='ltr'>Ι</span> <span class='ocrx_word' id='word_1_16' title='bbox 1355 419 1393 457; x_wconf 93' lang='lat' dir='ltr'>p.</span> <span class='ocrx_word' id='word_1_17' title='bbox 1414 417 1507 455; x_wconf 83' lang='grc'>230.</span> <span class='ocrx_word' id='word_1_18' title='bbox 1539 406 1710 445; x_wconf 89' lang='lat' dir='ltr'>Accedit</span> 
     </span>
     <span class='ocr_line' id='line_1_4' title="bbox 237 474 1710 526; baseline 0 -14"><span class='ocrx_word' id='word_1_19' title='bbox 237 474 360 513; x_wconf 90' lang='lat' dir='ltr'>aliud.</span> <span class='ocrx_word' id='word_1_20' title='bbox 422 474 590 513; x_wconf 77' lang='lat' dir='ltr'>Praetor</span> <span class='ocrx_word' id='word_1_21' title='bbox 621 477 731 515; x_wconf 89' lang='lat' dir='ltr'>enim</span> <span class='ocrx_word' id='word_1_22' title='bbox 768 476 879 514; x_wconf 89' lang='lat' dir='ltr'>idem</span> <span class='ocrx_word' id='word_1_23' title='bbox 916 476 1143 526; x_wconf 85' lang='lat' dir='ltr'>significare</span> <span class='ocrx_word' id='word_1_24' title='bbox 1175 476 1288 526; x_wconf 89' lang='lat' dir='ltr'>quod</span> <span class='ocrx_word' id='word_1_25' title='bbox 1332 476 1420 512; x_wconf 88' lang='lat' dir='ltr'>dux</span> <span class='ocrx_word' id='word_1_26' title='bbox 1461 474 1710 513; x_wconf 90' lang='lat' dir='ltr'>uocabulum</span> 
     </span>
     <span class='ocr_line' id='line_1_5' title="bbox 238 544 1709 594; baseline 0.001 -15"><span class='ocrx_word' id='word_1_27' title='bbox 238 548 399 581; x_wconf 90' lang='lat' dir='ltr'>ueteres</span> <span class='ocrx_word' id='word_1_28' title='bbox 446 555 572 594; x_wconf 87' lang='lat' dir='ltr'>saepe</span> <span class='ocrx_word' id='word_1_29' title='bbox 619 550 660 581; x_wconf 90' lang='lat' dir='ltr'>et</span> <span class='ocrx_word' id='word_1_30' title='bbox 702 545 830 582; x_wconf 90' lang='lat' dir='ltr'>nostri</span> <span class='ocrx_word' id='word_1_31' title='bbox 877 545 1030 583; x_wconf 86' lang='lat' dir='ltr'>saeculi</span> <span class='ocrx_word' id='word_1_32' title='bbox 1074 545 1147 582; x_wconf 90' lang='lat' dir='ltr'>uiri</span> <span class='ocrx_word' id='word_1_33' title='bbox 1192 544 1303 581; x_wconf 89' lang='lat' dir='ltr'>docti</span> <span class='ocrx_word' id='word_1_34' title='bbox 1349 544 1491 581; x_wconf 89' lang='lat' dir='ltr'>dixere</span> <span class='ocrx_word' id='word_1_35' title='bbox 1536 555 1709 592; x_wconf 90' lang='lat' dir='ltr'>quorum</span> 
     </span>
     <span class='ocr_line' id='line_1_6' title="bbox 237 610 1709 661; baseline 0.001 -14"><span class='ocrx_word' id='word_1_36' title='bbox 237 610 471 648; x_wconf 90' lang='lat' dir='ltr'>testimonia</span> <span class='ocrx_word' id='word_1_37' title='bbox 516 612 686 649; x_wconf 91' lang='lat' dir='ltr'>contulit</span> <span class='ocrx_word' id='word_1_38' title='bbox 721 612 953 649; x_wconf 88' lang='lat' dir='ltr'>Mommsen</span> <span class='ocrx_word' id='word_1_39' title='bbox 983 613 1006 651; x_wconf 86' lang='lat'>1.</span> <span class='ocrx_word' id='word_1_40' title='bbox 1038 613 1061 651; x_wconf 91' lang='lat'>1.</span> <span class='ocrx_word' id='word_1_41' title='bbox 1093 624 1131 661; x_wconf 92' lang='lat' dir='ltr'>p.</span> <span class='ocrx_word' id='word_1_42' title='bbox 1168 622 1232 660; x_wconf 92' lang='lat'>71.</span> <span class='ocrx_word' id='word_1_43' title='bbox 1309 611 1392 648; x_wconf 90' lang='lat' dir='ltr'>Sed</span> <span class='ocrx_word' id='word_1_44' title='bbox 1437 611 1709 648; x_wconf 88' lang='lat' dir='ltr'>Aemilianum</span> 
     </span>
     <span class='ocr_line' id='line_1_7' title="bbox 236 678 1707 728; baseline -0.001 -13"><span class='ocrx_word' id='word_1_45' title='bbox 236 678 410 715; x_wconf 83' lang='lat' dir='ltr'>maxime</span> <span class='ocrx_word' id='word_1_46' title='bbox 456 679 636 716; x_wconf 89' lang='lat' dir='ltr'>omnium</span> <span class='ocrx_word' id='word_1_47' title='bbox 679 684 912 728; x_wconf 88' lang='lat' dir='ltr'>praetorem</span> <span class='ocrx_word' id='word_1_48' title='bbox 957 679 1208 728; x_wconf 88' lang='lat' dir='ltr'>appellatum</span> <span class='ocrx_word' id='word_1_49' title='bbox 1247 690 1341 715; x_wconf 89' lang='lat' dir='ltr'>esse</span> <span class='ocrx_word' id='word_1_50' title='bbox 1384 684 1707 715; x_wconf 89' lang='lat' dir='ltr'>consentaneum</span> 
     </span>
     <span class='ocr_line' id='line_1_8' title="bbox 237 746 1707 797; baseline 0.001 -14"><span class='ocrx_word' id='word_1_51' title='bbox 237 752 313 791; x_wconf 91' lang='lat' dir='ltr'>est,</span> <span class='ocrx_word' id='word_1_52' title='bbox 345 748 458 796; x_wconf 92' lang='lat' dir='ltr'>quod</span> <span class='ocrx_word' id='word_1_53' title='bbox 487 747 698 784; x_wconf 87' lang='lat' dir='ltr'>cohortem</span> <span class='ocrx_word' id='word_1_54' title='bbox 719 748 966 797; x_wconf 88' lang='lat' dir='ltr'>praetoriam</span> <span class='ocrx_word' id='word_1_55' title='bbox 996 747 1103 785; x_wconf 89' lang='lat' dir='ltr'>bello</span> <span class='ocrx_word' id='word_1_56' title='bbox 1126 746 1377 785; x_wconf 88' lang='lat' dir='ltr'>Numantino</span> <span class='ocrx_word' id='word_1_57' title='bbox 1399 746 1540 784; x_wconf 90' lang='lat' dir='ltr'>consul</span> <span class='ocrx_word' id='word_1_58' title='bbox 1562 747 1707 784; x_wconf 89' lang='lat' dir='ltr'>iterum</span> 
     </span>
     <span class='ocr_line' id='line_1_9' title="bbox 235 811 1706 865; baseline 0 -14"><span class='ocrx_word' id='word_1_59' title='bbox 235 814 422 852; x_wconf 85' lang='lat' dir='ltr'>condidit</span> <span class='ocrx_word' id='word_1_60' title='bbox 463 815 632 864; x_wconf 89' lang='lat' dir='ltr'>primus:</span> <span class='ocrx_word' id='word_1_61' title='bbox 656 815 784 854; x_wconf 46' lang='lat' dir='ltr'>*confi</span> <span class='ocrx_word' id='word_1_62' title='bbox 822 815 932 852; x_wconf 89' lang='lat' dir='ltr'>Fest.</span> <span class='ocrx_word' id='word_1_63' title='bbox 974 827 1036 865; x_wconf 89' lang='lat' dir='ltr'>ep.</span> <span class='ocrx_word' id='word_1_64' title='bbox 1079 828 1118 865; x_wconf 88' lang='lat' dir='ltr'>p.</span> <span class='ocrx_word' id='word_1_65' title='bbox 1152 826 1251 863; x_wconf 83' lang='lat'>223:</span> <span class='ocrx_word' id='word_1_66' title='bbox 1299 811 1529 851; x_wconf 87' lang='lat' dir='ltr'>‘Praetoria</span> <span class='ocrx_word' id='word_1_67' title='bbox 1558 814 1706 851; x_wconf 91' lang='lat' dir='ltr'>cohors</span> 
     </span>
     <span class='ocr_line' id='line_1_10' title="bbox 234 881 1701 931; baseline 0 -13"><span class='ocrx_word' id='word_1_68' title='bbox 234 887 299 919; x_wconf 90' lang='lat' dir='ltr'>est</span> <span class='ocrx_word' id='word_1_69' title='bbox 341 882 452 919; x_wconf 89' lang='lat' dir='ltr'>dicta</span> <span class='ocrx_word' id='word_1_70' title='bbox 494 883 607 931; x_wconf 87' lang='lat' dir='ltr'>quod</span> <span class='ocrx_word' id='word_1_71' title='bbox 652 895 676 920; x_wconf 91' lang='lat' dir='ltr'>a</span> <span class='ocrx_word' id='word_1_72' title='bbox 722 888 913 931; x_wconf 90' lang='lat' dir='ltr'>praetore</span> <span class='ocrx_word' id='word_1_73' title='bbox 957 895 1043 920; x_wconf 91' lang='lat' dir='ltr'>non</span> <span class='ocrx_word' id='word_1_74' title='bbox 1088 882 1343 920; x_wconf 86' lang='lat' dir='ltr'>discedebat.</span> <span class='ocrx_word' id='word_1_75' title='bbox 1412 881 1546 931; x_wconf 90' lang='lat' dir='ltr'>Scipio</span> <span class='ocrx_word' id='word_1_76' title='bbox 1592 882 1701 919; x_wconf 88' lang='lat' dir='ltr'>enim</span> 
     </span>
     <span class='ocr_line' id='line_1_11' title="bbox 234 947 1705 999; baseline 0.001 -14"><span class='ocrx_word' id='word_1_77' title='bbox 234 947 448 986; x_wconf 81' lang='lat' dir='ltr'>Africanus</span> <span class='ocrx_word' id='word_1_78' title='bbox 478 949 627 998; x_wconf 89' lang='lat' dir='ltr'>primus</span> <span class='ocrx_word' id='word_1_79' title='bbox 660 948 921 986; x_wconf 87' lang='lat' dir='ltr'>fortissimum</span> <span class='ocrx_word' id='word_1_80' title='bbox 952 961 1155 999; x_wconf 88' lang='lat' dir='ltr'>quemque</span> <span class='ocrx_word' id='word_1_81' title='bbox 1186 950 1352 998; x_wconf 84' lang='lat' dir='ltr'>delegit,</span> <span class='ocrx_word' id='word_1_82' title='bbox 1400 950 1467 999; x_wconf 92' lang='lat' dir='ltr'>qui</span> <span class='ocrx_word' id='word_1_83' title='bbox 1499 950 1550 986; x_wconf 93' lang='lat' dir='ltr'>ab</span> <span class='ocrx_word' id='word_1_84' title='bbox 1583 961 1633 986; x_wconf 92' lang='lat' dir='ltr'>eo</span> <span class='ocrx_word' id='word_1_85' title='bbox 1664 949 1705 986; x_wconf 88' lang='lat' dir='ltr'>in</span> 
     </span>
     <span class='ocr_line' id='line_1_12' title="bbox 235 1013 1704 1068; baseline 0.001 -15"><span class='ocrx_word' id='word_1_86' title='bbox 235 1017 341 1054; x_wconf 91' lang='lat' dir='ltr'>bello</span> <span class='ocrx_word' id='word_1_87' title='bbox 386 1029 471 1054; x_wconf 91' lang='lat' dir='ltr'>non</span> <span class='ocrx_word' id='word_1_88' title='bbox 517 1013 796 1055; x_wconf 89' lang='lat' dir='ltr'>discederent&#39;</span> <span class='ocrx_word' id='word_1_89' title='bbox 835 1029 869 1056; x_wconf 87' lang='lat' dir='ltr'>e.</span> <span class='ocrx_word' id='word_1_90' title='bbox 914 1030 952 1067; x_wconf 90' lang='lat' dir='ltr'>q.</span> <span class='ocrx_word' id='word_1_91' title='bbox 986 1030 1016 1056; x_wconf 90' lang='lat' dir='ltr'>s.</span> <span class='ocrx_word' id='word_1_92' title='bbox 1051 1013 1244 1068; x_wconf 90' lang='lat' dir='ltr'>(Appian.</span> <span class='ocrx_word' id='word_1_93' title='bbox 1292 1017 1395 1056; x_wconf 91' lang='lat' dir='ltr'>Iber.</span> <span class='ocrx_word' id='word_1_94' title='bbox 1428 1015 1513 1067; x_wconf 86' lang='lat'>84).</span> <span class='ocrx_word' id='word_1_95' title='bbox 1585 1017 1704 1055; x_wconf 90' lang='lat' dir='ltr'>Idem</span> 
     </span>
     <span class='ocr_line' id='line_1_13' title="bbox 237 1084 1703 1135; baseline 0.002 -14"><span class='ocrx_word' id='word_1_96' title='bbox 237 1084 369 1134; x_wconf 88' lang='lat' dir='ltr'>Scipio</span> <span class='ocrx_word' id='word_1_97' title='bbox 414 1084 561 1121; x_wconf 88' lang='lat' dir='ltr'>dicitur</span> <span class='ocrx_word' id='word_1_98' title='bbox 590 1085 690 1122; x_wconf 91' lang='lat' dir='ltr'>libro</span> <span class='ocrx_word' id='word_1_99' title='bbox 729 1085 801 1129; x_wconf 90' lang='lat' dir='ltr'>XI,</span> <span class='ocrx_word' id='word_1_100' title='bbox 846 1085 914 1122; x_wconf 92' lang='lat' dir='ltr'>ubi</span> <span class='ocrx_word' id='word_1_101' title='bbox 959 1086 1011 1122; x_wconf 92' lang='lat' dir='ltr'>de</span> <span class='ocrx_word' id='word_1_102' title='bbox 1057 1085 1177 1122; x_wconf 91' lang='lat' dir='ltr'>rebus</span> <span class='ocrx_word' id='word_1_103' title='bbox 1214 1085 1448 1135; x_wconf 89' lang='lat' dir='ltr'>Hispanicis</span> <span class='ocrx_word' id='word_1_104' title='bbox 1489 1086 1621 1135; x_wconf 89' lang='lat' dir='ltr'>agitur</span> <span class='ocrx_word' id='word_1_105' title='bbox 1665 1098 1703 1124; x_wconf 88' lang='lat' dir='ltr'>u.</span> 
     </span>
     <span class='ocr_line' id='line_1_14' title="bbox 235 1151 515 1201; baseline 0 -12"><span class='ocrx_word' id='word_1_106' title='bbox 235 1151 316 1201; x_wconf 85' lang='lat'>363</span> <span class='ocrx_word' id='word_1_107' title='bbox 349 1151 382 1189; x_wconf 97' lang='lat' dir='ltr'>L</span> <span class='ocrx_word' id='word_1_108' title='bbox 415 1151 439 1189; x_wconf 82' lang='grc' dir='ltr'>ὁ</span> <span class='ocrx_word' id='word_1_109' title='bbox 472 1152 515 1189; x_wconf 92' lang='grc' dir='ltr'>Μ</span> 
     </span>
    </p>

    <p class='ocr_par' dir='ltr' id='par_1_3' title="bbox 349 1219 1703 1271">
     <span class='ocr_line' id='line_1_15' title="bbox 349 1219 1703 1271; baseline -0.001 -12"><span class='ocrx_word' id='word_1_110' title='bbox 349 1225 595 1269; x_wconf 89' lang='lat' dir='ltr'>...praetor</span> <span class='ocrx_word' id='word_1_111' title='bbox 624 1225 764 1258; x_wconf 87' lang='lat' dir='ltr'>noster</span> <span class='ocrx_word' id='word_1_112' title='bbox 795 1220 942 1266; x_wconf 90' lang='lat' dir='ltr'>adhuc,</span> <span class='ocrx_word' id='word_1_113' title='bbox 975 1233 1096 1271; x_wconf 90' lang='lat' dir='ltr'>quam</span> <span class='ocrx_word' id='word_1_114' title='bbox 1123 1232 1290 1271; x_wconf 88' lang='lat' dir='ltr'>spurcos</span> <span class='ocrx_word' id='word_1_115' title='bbox 1323 1232 1393 1258; x_wconf 91' lang='lat' dir='ltr'>ore</span> <span class='ocrx_word' id='word_1_116' title='bbox 1424 1220 1539 1271; x_wconf 88' lang='lat' dir='ltr'>quod</span> <span class='ocrx_word' id='word_1_117' title='bbox 1569 1219 1703 1257; x_wconf 88' lang='lat' dir='ltr'>omnis</span> 
     </span>
    </p>

    <p class='ocr_par' dir='ltr' id='par_1_4' title="bbox 434 1288 1493 1325">
     <span class='ocr_line' id='line_1_16' title="bbox 434 1288 1493 1325; baseline 0 -1"><span class='ocrx_word' id='word_1_118' title='bbox 434 1293 548 1324; x_wconf 86' lang='lat' dir='ltr'>extra</span> <span class='ocrx_word' id='word_1_119' title='bbox 579 1293 713 1325; x_wconf 86' lang='lat' dir='ltr'>castra</span> <span class='ocrx_word' id='word_1_120' title='bbox 742 1293 786 1325; x_wconf 88' lang='lat' dir='ltr'>ut</span> <span class='ocrx_word' id='word_1_121' title='bbox 814 1289 959 1325; x_wconf 89' lang='lat' dir='ltr'>stercu&#39;</span> <span class='ocrx_word' id='word_1_122' title='bbox 993 1288 1100 1325; x_wconf 87' lang='lat' dir='ltr'>foras</span> <span class='ocrx_word' id='word_1_123' title='bbox 1132 1289 1254 1325; x_wconf 87' lang='lat' dir='ltr'>eiecit</span> <span class='ocrx_word' id='word_1_124' title='bbox 1286 1289 1341 1325; x_wconf 88' lang='lat' dir='ltr'>ad</span> <span class='ocrx_word' id='word_1_125' title='bbox 1369 1300 1493 1325; x_wconf 90' lang='lat' dir='ltr'>unum</span> 
     </span>
    </p>

    <p class='ocr_par' dir='ltr' id='par_1_5' title="bbox 229 1351 1701 2282">
     <span class='ocr_line' id='line_1_17' title="bbox 236 1351 1701 1405; baseline 0.001 -12"><span class='ocrx_word' id='word_1_126' title='bbox 236 1355 353 1402; x_wconf 86' lang='lat' dir='ltr'>Quae</span> <span class='ocrx_word' id='word_1_127' title='bbox 384 1355 549 1405; x_wconf 90' lang='lat' dir='ltr'>quidem</span> <span class='ocrx_word' id='word_1_128' title='bbox 579 1355 706 1393; x_wconf 87' lang='lat' dir='ltr'>uerba</span> <span class='ocrx_word' id='word_1_129' title='bbox 733 1367 826 1393; x_wconf 91' lang='lat' dir='ltr'>cum</span> <span class='ocrx_word' id='word_1_130' title='bbox 855 1356 1027 1405; x_wconf 81' lang='lat' dir='ltr'>Appian.</span> <span class='ocrx_word' id='word_1_131' title='bbox 1050 1356 1109 1394; x_wconf 92' lang='lat' dir='ltr'>Ib.</span> <span class='ocrx_word' id='word_1_132' title='bbox 1133 1355 1184 1403; x_wconf 86' lang='lat'>85</span> <span class='ocrx_word' id='word_1_133' title='bbox 1214 1351 1376 1394; x_wconf 86' lang='grc' dir='ltr'>Ἐλθὼν</span> <span class='ocrx_word' id='word_1_134' title='bbox 1406 1353 1454 1394; x_wconf 76' lang='grc' dir='ltr'>δὲ</span> <span class='ocrx_word' id='word_1_135' title='bbox 1485 1351 1701 1404; x_wconf 81' lang='grc' dir='ltr'>ἐμπόρους</span> 
     </span>
     <span class='ocr_line' id='line_1_18' title="bbox 235 1419 1701 1472; baseline -0.003 -10"><span class='ocrx_word' id='word_1_136' title='bbox 235 1434 282 1462; x_wconf 91' lang='grc' dir='ltr'>τε</span> <span class='ocrx_word' id='word_1_137' title='bbox 313 1419 481 1472; x_wconf 87' lang='grc' dir='ltr'>πάντας</span> <span class='ocrx_word' id='word_1_138' title='bbox 513 1420 715 1471; x_wconf 82' lang='grc' dir='ltr'>ἐξήλαυνε</span> <span class='ocrx_word' id='word_1_139' title='bbox 736 1420 805 1462; x_wconf 90' lang='grc' dir='ltr'>καὶ</span> <span class='ocrx_word' id='word_1_140' title='bbox 835 1420 1008 1472; x_wconf 87' lang='grc' dir='ltr'>ἑταίρας</span> <span class='ocrx_word' id='word_1_141' title='bbox 1039 1420 1107 1461; x_wconf 87' lang='grc' dir='ltr'>καὶ</span> <span class='ocrx_word' id='word_1_142' title='bbox 1129 1420 1300 1472; x_wconf 88' lang='grc' dir='ltr'>μάντεις</span> <span class='ocrx_word' id='word_1_143' title='bbox 1331 1420 1401 1461; x_wconf 90' lang='grc' dir='ltr'>καὶ</span> <span class='ocrx_word' id='word_1_144' title='bbox 1431 1420 1562 1471; x_wconf 85' lang='grc' dir='ltr'>θύτας</span> <span class='ocrx_word' id='word_1_145' title='bbox 1591 1428 1701 1460; x_wconf 86' lang='lat' dir='ltr'>recte</span> 
     </span>
     <span class='ocr_line' id='line_1_19' title="bbox 234 1489 1701 1541; baseline 0 -13"><span class='ocrx_word' id='word_1_146' title='bbox 234 1491 406 1529; x_wconf 86' lang='lat' dir='ltr'>contulit</span> <span class='ocrx_word' id='word_1_147' title='bbox 423 1490 691 1529; x_wconf 89' lang='lat' dir='ltr'>Bouterweck</span> <span class='ocrx_word' id='word_1_148' title='bbox 720 1492 774 1528; x_wconf 90' lang='lat' dir='ltr'>de</span> <span class='ocrx_word' id='word_1_149' title='bbox 805 1491 931 1529; x_wconf 88' lang='lat' dir='ltr'>Lucil.</span> <span class='ocrx_word' id='word_1_150' title='bbox 964 1491 1071 1529; x_wconf 88' lang='lat' dir='ltr'>satir.</span> <span class='ocrx_word' id='word_1_151' title='bbox 1102 1503 1141 1540; x_wconf 93' lang='lat' dir='ltr'>p.</span> <span class='ocrx_word' id='word_1_152' title='bbox 1174 1489 1211 1536; x_wconf 87' lang='lat'>6,</span> <span class='ocrx_word' id='word_1_153' title='bbox 1244 1491 1313 1541; x_wconf 89' lang='lat' dir='ltr'>qui</span> <span class='ocrx_word' id='word_1_154' title='bbox 1343 1497 1482 1529; x_wconf 86' lang='lat' dir='ltr'>tamen</span> <span class='ocrx_word' id='word_1_155' title='bbox 1516 1491 1568 1528; x_wconf 90' lang='lat' dir='ltr'>de</span> <span class='ocrx_word' id='word_1_156' title='bbox 1599 1502 1701 1528; x_wconf 92' lang='lat' dir='ltr'>uoce</span> 
     </span>
     <span class='ocr_line' id='line_1_20' title="bbox 229 1558 1700 1608; baseline 0 -13"><span class='ocrx_word' id='word_1_157' title='bbox 229 1562 396 1607; x_wconf 82' lang='lat' dir='ltr'>praetor</span> <span class='ocrx_word' id='word_1_158' title='bbox 437 1558 573 1596; x_wconf 90' lang='lat' dir='ltr'>omisit</span> <span class='ocrx_word' id='word_1_159' title='bbox 619 1570 843 1608; x_wconf 88' lang='lat' dir='ltr'>quaerere:</span> <span class='ocrx_word' id='word_1_160' title='bbox 895 1558 994 1595; x_wconf 90' lang='lat' dir='ltr'>dicit</span> <span class='ocrx_word' id='word_1_161' title='bbox 1038 1569 1131 1595; x_wconf 89' lang='lat' dir='ltr'>esse</span> <span class='ocrx_word' id='word_1_162' title='bbox 1175 1569 1226 1595; x_wconf 91' lang='lat' dir='ltr'>ea</span> <span class='ocrx_word' id='word_1_163' title='bbox 1273 1559 1399 1595; x_wconf 91' lang='lat' dir='ltr'>uerba</span> <span class='ocrx_word' id='word_1_164' title='bbox 1445 1559 1700 1608; x_wconf 88' lang='lat' dir='ltr'>querentium</span> 
     </span>
     <span class='ocr_line' id='line_1_21' title="bbox 235 1626 1700 1676; baseline -0.001 -12"><span class='ocrx_word' id='word_1_165' title='bbox 235 1626 467 1676; x_wconf 88' lang='lat' dir='ltr'>Scipionem</span> <span class='ocrx_word' id='word_1_166' title='bbox 498 1626 663 1663; x_wconf 88' lang='lat' dir='ltr'>omnina</span> <span class='ocrx_word' id='word_1_167' title='bbox 694 1632 831 1664; x_wconf 89' lang='lat' dir='ltr'>scorta</span> <span class='ocrx_word' id='word_1_168' title='bbox 862 1638 1005 1663; x_wconf 87' lang='lat' dir='ltr'>omnes</span> <span class='ocrx_word' id='word_1_169' title='bbox 1037 1627 1275 1663; x_wconf 89' lang='lat' dir='ltr'>sacerdotes</span> <span class='ocrx_word' id='word_1_170' title='bbox 1313 1631 1356 1663; x_wconf 81' lang='lat' dir='ltr'>et</span> <span class='ocrx_word' id='word_1_171' title='bbox 1386 1626 1620 1676; x_wconf 88' lang='lat' dir='ltr'>haruspices</span> <span class='ocrx_word' id='word_1_172' title='bbox 1650 1637 1700 1662; x_wconf 86' lang='lat' dir='ltr'>ex</span> 
     </span>
     <span class='ocr_line' id='line_1_22' title="bbox 233 1689 1699 1743; baseline -0.001 -12"><span class='ocrx_word' id='word_1_173' title='bbox 233 1694 373 1731; x_wconf 87' lang='lat' dir='ltr'>castris</span> <span class='ocrx_word' id='word_1_174' title='bbox 418 1694 597 1739; x_wconf 89' lang='lat' dir='ltr'>eiecisse,</span> <span class='ocrx_word' id='word_1_175' title='bbox 643 1698 752 1731; x_wconf 86' lang='lat' dir='ltr'>tacet</span> <span class='ocrx_word' id='word_1_176' title='bbox 796 1694 849 1730; x_wconf 89' lang='lat' dir='ltr'>de</span> <span class='ocrx_word' id='word_1_177' title='bbox 893 1693 1086 1743; x_wconf 88' lang='lat' dir='ltr'>scriptura</span> <span class='ocrx_word' id='word_1_178' title='bbox 1126 1705 1316 1731; x_wconf 90' lang='lat' dir='ltr'>uersuum</span> <span class='ocrx_word' id='word_1_179' title='bbox 1347 1689 1491 1743; x_wconf 86' lang='lat' dir='ltr'>(codd.</span> <span class='ocrx_word' id='word_1_180' title='bbox 1523 1690 1699 1742; x_wconf 60' lang='lat' dir='ltr'>spurcus,</span> 
     </span>
     <span class='ocr_line' id='line_1_23' title="bbox 232 1757 1700 1811; baseline -0.001 -13"><span class='ocrx_word' id='word_1_181' title='bbox 232 1774 331 1799; x_wconf 87' lang='lat' dir='ltr'>corr.</span> <span class='ocrx_word' id='word_1_182' title='bbox 364 1757 426 1810; x_wconf 94' lang='lat' dir='ltr'>L).</span> <span class='ocrx_word' id='word_1_183' title='bbox 488 1761 661 1811; x_wconf 91' lang='lat' dir='ltr'>Spurcus</span> <span class='ocrx_word' id='word_1_184' title='bbox 703 1772 774 1798; x_wconf 90' lang='lat' dir='ltr'>ore</span> <span class='ocrx_word' id='word_1_185' title='bbox 803 1766 974 1799; x_wconf 88' lang='lat' dir='ltr'>uocatur</span> <span class='ocrx_word' id='word_1_186' title='bbox 1011 1773 1159 1809; x_wconf 90' lang='lat' dir='ltr'>ganeo,</span> <span class='ocrx_word' id='word_1_187' title='bbox 1201 1767 1246 1798; x_wconf 92' lang='lat' dir='ltr'>ut</span> <span class='ocrx_word' id='word_1_188' title='bbox 1277 1760 1359 1798; x_wconf 89' lang='lat' dir='ltr'>Cic.</span> <span class='ocrx_word' id='word_1_189' title='bbox 1390 1761 1432 1797; x_wconf 90' lang='lat' dir='ltr'>in</span> <span class='ocrx_word' id='word_1_190' title='bbox 1464 1760 1544 1799; x_wconf 91' lang='lat' dir='ltr'>Pis.</span> <span class='ocrx_word' id='word_1_191' title='bbox 1580 1771 1624 1808; x_wconf 82' lang='lat'>13</span> <span class='ocrx_word' id='word_1_192' title='bbox 1659 1761 1700 1797; x_wconf 90' lang='lat' dir='ltr'>in</span> 
     </span>
     <span class='ocr_line' id='line_1_24' title="bbox 233 1827 1699 1878; baseline -0.001 -13"><span class='ocrx_word' id='word_1_193' title='bbox 233 1827 346 1867; x_wconf 91' lang='lat' dir='ltr'>Uerr.</span> <span class='ocrx_word' id='word_1_194' title='bbox 381 1828 450 1866; x_wconf 80' lang='grc' dir='ltr'><strong>,ΙΙΙ</strong></span> <span class='ocrx_word' id='word_1_195' title='bbox 497 1838 544 1876; x_wconf 86' lang='lat'>23</span> <span class='ocrx_word' id='word_1_196' title='bbox 594 1833 666 1865; x_wconf 87' lang='lat' dir='ltr'>aut</span> <span class='ocrx_word' id='word_1_197' title='bbox 711 1828 870 1865; x_wconf 86' lang='lat' dir='ltr'>fellator</span> <span class='ocrx_word' id='word_1_198' title='bbox 916 1828 1305 1878; x_wconf 89' lang='lat' dir='ltr'>sordidissimaeque</span> <span class='ocrx_word' id='word_1_199' title='bbox 1358 1827 1532 1865; x_wconf 90' lang='lat' dir='ltr'>libidinis</span> <span class='ocrx_word' id='word_1_200' title='bbox 1578 1827 1699 1865; x_wconf 92' lang='lat' dir='ltr'>homo</span> 
     </span>
     <span class='ocr_line' id='line_1_25' title="bbox 231 1891 1700 1945; baseline -0.001 -12"><span class='ocrx_word' id='word_1_201' title='bbox 231 1893 369 1938; x_wconf 82' lang='lat' dir='ltr'>(Mart.</span> <span class='ocrx_word' id='word_1_202' title='bbox 402 1895 458 1932; x_wconf 92' lang='lat' dir='ltr'>XI</span> <span class='ocrx_word' id='word_1_203' title='bbox 489 1905 543 1942; x_wconf 91' lang='grc' dir='ltr'>3ο</span> <span class='ocrx_word' id='word_1_204' title='bbox 580 1894 744 1933; x_wconf 86' lang='lat' dir='ltr'>Petron.</span> <span class='ocrx_word' id='word_1_205' title='bbox 777 1905 815 1943; x_wconf 84' lang='lat'>9.</span> <span class='ocrx_word' id='word_1_206' title='bbox 857 1891 948 1945; x_wconf 87' lang='lat'>21);</span> <span class='ocrx_word' id='word_1_207' title='bbox 993 1896 1119 1932; x_wconf 88' lang='lat' dir='ltr'>uerba</span> <span class='ocrx_word' id='word_1_208' title='bbox 1167 1902 1264 1933; x_wconf 90' lang='lat' dir='ltr'>sunt</span> <span class='ocrx_word' id='word_1_209' title='bbox 1310 1896 1516 1933; x_wconf 88' lang='lat' dir='ltr'>laudantis</span> <span class='ocrx_word' id='word_1_210' title='bbox 1561 1895 1700 1945; x_wconf 89' lang='lat' dir='ltr'>potius</span> 
     </span>
     <span class='ocr_line' id='line_1_26' title="bbox 232 1959 1700 2014; baseline -0.001 -13"><span class='ocrx_word' id='word_1_211' title='bbox 232 1963 476 2014; x_wconf 88' lang='lat' dir='ltr'>Scipionem,</span> <span class='ocrx_word' id='word_1_212' title='bbox 508 1975 612 2013; x_wconf 89' lang='lat' dir='ltr'>quae</span> <span class='ocrx_word' id='word_1_213' title='bbox 642 1963 700 2001; x_wconf 87' lang='lat' dir='ltr'>ita</span> <span class='ocrx_word' id='word_1_214' title='bbox 732 1962 817 2001; x_wconf 88' lang='lat' dir='ltr'>fere</span> <span class='ocrx_word' id='word_1_215' title='bbox 849 1963 1122 2013; x_wconf 88' lang='lat' dir='ltr'>suppleueris:</span> <span class='ocrx_word' id='word_1_216' title='bbox 1172 1959 1309 2000; x_wconf 89' lang='lat' dir='ltr'>‘Nulla</span> <span class='ocrx_word' id='word_1_217' title='bbox 1346 1975 1389 2000; x_wconf 91' lang='lat' dir='ltr'>re</span> <span class='ocrx_word' id='word_1_218' title='bbox 1420 1963 1549 2013; x_wconf 87' lang='lat' dir='ltr'>magis</span> <span class='ocrx_word' id='word_1_219' title='bbox 1579 1962 1700 1999; x_wconf 88' lang='lat' dir='ltr'>rebus</span> 
     </span>
     <span class='ocr_line' id='line_1_27' title="bbox 231 2028 1699 2081; baseline 0 -14"><span class='ocrx_word' id='word_1_220' title='bbox 231 2032 379 2068; x_wconf 91' lang='lat' dir='ltr'>nostris</span> <span class='ocrx_word' id='word_1_221' title='bbox 425 2031 582 2068; x_wconf 89' lang='lat' dir='ltr'>afflictis</span> <span class='ocrx_word' id='word_1_222' title='bbox 627 2032 778 2080; x_wconf 74' lang='lat' dir='ltr'>profuit</span> <span class='ocrx_word' id='word_1_223' title='bbox 823 2037 988 2080; x_wconf 90' lang='lat' dir='ltr'>praetor</span> <span class='ocrx_word' id='word_1_224' title='bbox 1031 2028 1190 2068; x_wconf 90' lang='lat' dir='ltr'>noster&#39;</span> <span class='ocrx_word' id='word_1_225' title='bbox 1221 2045 1257 2069; x_wconf 90' lang='lat' dir='ltr'>e.</span> <span class='ocrx_word' id='word_1_226' title='bbox 1290 2044 1327 2081; x_wconf 86' lang='lat' dir='ltr'>q.</span> <span class='ocrx_word' id='word_1_227' title='bbox 1362 2044 1391 2069; x_wconf 89' lang='lat' dir='ltr'>s.</span> <span class='ocrx_word' id='word_1_228' title='bbox 1450 2031 1563 2068; x_wconf 89' lang='lat' dir='ltr'>Illam</span> <span class='ocrx_word' id='word_1_229' title='bbox 1601 2042 1699 2067; x_wconf 88' lang='lat' dir='ltr'>uero</span> 
     </span>
     <span class='ocr_line' id='line_1_28' title="bbox 232 2090 1700 2149; baseline 0 -12"><span class='ocrx_word' id='word_1_230' title='bbox 232 2104 459 2137; x_wconf 83' lang='lat' dir='ltr'>castrorum</span> <span class='ocrx_word' id='word_1_231' title='bbox 473 2099 757 2148; x_wconf 87' lang='lat' dir='ltr'>purgationem</span> <span class='ocrx_word' id='word_1_232' title='bbox 776 2099 946 2149; x_wconf 91' lang='lat' dir='ltr'>amplius</span> <span class='ocrx_word' id='word_1_233' title='bbox 969 2090 1286 2137; x_wconf 62' lang='lat' dir='ltr'>describit&#39;Plut.</span> <span class='ocrx_word' id='word_1_234' title='bbox 1303 2098 1498 2148; x_wconf 88' lang='lat' dir='ltr'>apophth.</span> <span class='ocrx_word' id='word_1_235' title='bbox 1523 2098 1700 2147; x_wconf 91' lang='lat' dir='ltr'>Scipion.</span> 
     </span>
     <span class='ocr_line' id='line_1_29' title="bbox 231 2161 1700 2216; baseline 0 -14"><span class='ocrx_word' id='word_1_236' title='bbox 231 2165 325 2203; x_wconf 91' lang='lat' dir='ltr'>min.</span> <span class='ocrx_word' id='word_1_237' title='bbox 360 2164 407 2202; x_wconf 86' lang='lat'>16</span> <span class='ocrx_word' id='word_1_238' title='bbox 441 2165 527 2203; x_wconf 88' lang='lat' dir='ltr'>Liu.</span> <span class='ocrx_word' id='word_1_239' title='bbox 557 2178 642 2214; x_wconf 91' lang='lat' dir='ltr'>per.</span> <span class='ocrx_word' id='word_1_240' title='bbox 674 2175 724 2214; x_wconf 86' lang='lat'>57</span> <span class='ocrx_word' id='word_1_241' title='bbox 753 2161 785 2216; x_wconf 86' lang='lat'>¹)</span> <span class='ocrx_word' id='word_1_242' title='bbox 830 2165 921 2204; x_wconf 89' lang='lat' dir='ltr'>Ual.</span> <span class='ocrx_word' id='word_1_243' title='bbox 959 2166 1069 2206; x_wconf 78' lang='lat' dir='ltr'>Max,</span> <span class='ocrx_word' id='word_1_244' title='bbox 1101 2166 1142 2202; x_wconf 92' lang='lat' dir='ltr'>II</span> <span class='ocrx_word' id='word_1_245' title='bbox 1173 2175 1208 2214; x_wconf 91' lang='lat'>7,</span> <span class='ocrx_word' id='word_1_246' title='bbox 1244 2176 1256 2202; x_wconf 95' lang='lat'>1</span> <span class='ocrx_word' id='word_1_247' title='bbox 1292 2166 1369 2204; x_wconf 88' lang='lat' dir='ltr'>alii.</span> <span class='ocrx_word' id='word_1_248' title='bbox 1429 2166 1497 2202; x_wconf 89' lang='lat' dir='ltr'>Ad</span> <span class='ocrx_word' id='word_1_249' title='bbox 1528 2166 1700 2202; x_wconf 89' lang='lat' dir='ltr'>easdem</span> 
     </span>
     <span class='ocr_line' id='line_1_30' title="bbox 231 2232 1307 2282; baseline 0 -13"><span class='ocrx_word' id='word_1_250' title='bbox 231 2244 295 2269; x_wconf 89' lang='lat' dir='ltr'>res</span> <span class='ocrx_word' id='word_1_251' title='bbox 326 2232 570 2282; x_wconf 89' lang='lat' dir='ltr'>Hispanicas</span> <span class='ocrx_word' id='word_1_252' title='bbox 600 2233 780 2282; x_wconf 86' lang='lat' dir='ltr'>pertinet</span> <span class='ocrx_word' id='word_1_253' title='bbox 810 2245 848 2271; x_wconf 93' lang='lat' dir='ltr'>u.</span> <span class='ocrx_word' id='word_1_254' title='bbox 882 2243 960 2282; x_wconf 82' lang='grc'>395</span> <span class='ocrx_word' id='word_1_255' title='bbox 994 2233 1027 2270; x_wconf 96' lang='lat' dir='ltr'>L</span> <span class='ocrx_word' id='word_1_256' title='bbox 1059 2232 1157 2270; x_wconf 94' lang='lat' dir='ltr'>XIV</span> <span class='ocrx_word' id='word_1_257' title='bbox 1196 2244 1241 2269; x_wconf 93' lang='lat'>12</span> <span class='ocrx_word' id='word_1_258' title='bbox 1265 2233 1307 2270; x_wconf 89' lang='lat' dir='ltr'>M</span> 
     </span>
    </p>

    <p class='ocr_par' dir='ltr' id='par_1_6' title="bbox 230 2300 1700 2759">
     <span class='ocr_line' id='line_1_31' title="bbox 346 2300 1588 2350; baseline 0.001 -14"><span class='ocrx_word' id='word_1_259' title='bbox 346 2312 503 2344; x_wconf 87' lang='lat' dir='ltr'>cenam,</span> <span class='ocrx_word' id='word_1_260' title='bbox 534 2301 675 2350; x_wconf 89' lang='lat' dir='ltr'>inquit,</span> <span class='ocrx_word' id='word_1_261' title='bbox 707 2300 871 2347; x_wconf 85' lang='lat' dir='ltr'>nullam,</span> <span class='ocrx_word' id='word_1_262' title='bbox 901 2312 1036 2350; x_wconf 90' lang='lat' dir='ltr'>neque</span> <span class='ocrx_word' id='word_1_263' title='bbox 1066 2301 1163 2338; x_wconf 90' lang='lat' dir='ltr'>diuo</span> <span class='ocrx_word' id='word_1_264' title='bbox 1194 2300 1424 2350; x_wconf 88' lang='lat' dir='ltr'>proseciam</span> <span class='ocrx_word' id='word_1_265' title='bbox 1465 2300 1588 2337; x_wconf 73' lang='lat' dir='ltr'>uilam</span> 
     </span>
     <span class='ocr_line' id='line_1_32' title="bbox 231 2364 1699 2418; baseline 0.001 -13"><span class='ocrx_word' id='word_1_266' title='bbox 231 2368 442 2418; x_wconf 88' lang='lat' dir='ltr'>Appianus</span> <span class='ocrx_word' id='word_1_267' title='bbox 473 2368 581 2406; x_wconf 87' lang='lat' dir='ltr'>enim</span> <span class='ocrx_word' id='word_1_268' title='bbox 611 2368 634 2407; x_wconf 76' lang='lat' dir='ltr'>l.</span> <span class='ocrx_word' id='word_1_269' title='bbox 666 2369 689 2407; x_wconf 88' lang='grc'>1.</span> <span class='ocrx_word' id='word_1_270' title='bbox 721 2373 874 2407; x_wconf 85' lang='lat' dir='ltr'>narrat:</span> <span class='ocrx_word' id='word_1_271' title='bbox 911 2364 1071 2408; x_wconf 86' lang='grc' dir='ltr'>Ἐλθὼν</span> <span class='ocrx_word' id='word_1_272' title='bbox 1111 2366 1158 2408; x_wconf 80' lang='grc' dir='ltr'>δὲ</span> <span class='ocrx_word' id='word_1_273' title='bbox 1194 2365 1414 2417; x_wconf 78' lang='grc' dir='ltr'>ἐμπόρους</span> <span class='ocrx_word' id='word_1_274' title='bbox 1454 2379 1500 2408; x_wconf 87' lang='grc' dir='ltr'>τε</span> <span class='ocrx_word' id='word_1_275' title='bbox 1532 2365 1699 2417; x_wconf 85' lang='grc' dir='ltr'>πάντας</span> 
     </span>
     <span class='ocr_line' id='line_1_33' title="bbox 231 2432 1699 2485; baseline 0 -10"><span class='ocrx_word' id='word_1_276' title='bbox 231 2434 436 2485; x_wconf 81' lang='grc' dir='ltr'>ἐξήλαυνε</span> <span class='ocrx_word' id='word_1_277' title='bbox 480 2434 548 2475; x_wconf 86' lang='grc' dir='ltr'>καὶ</span> <span class='ocrx_word' id='word_1_278' title='bbox 578 2434 750 2485; x_wconf 84' lang='grc' dir='ltr'>ἑταίρας</span> <span class='ocrx_word' id='word_1_279' title='bbox 795 2433 863 2474; x_wconf 86' lang='grc' dir='ltr'>καὶ</span> <span class='ocrx_word' id='word_1_280' title='bbox 902 2433 1072 2484; x_wconf 83' lang='grc' dir='ltr'>μάντεις</span> <span class='ocrx_word' id='word_1_281' title='bbox 1120 2434 1188 2474; x_wconf 86' lang='grc' dir='ltr'>καὶ</span> <span class='ocrx_word' id='word_1_282' title='bbox 1223 2433 1366 2485; x_wconf 82' lang='grc' dir='ltr'>Θύτας,</span> <span class='ocrx_word' id='word_1_283' title='bbox 1413 2432 1482 2485; x_wconf 82' lang='grc' dir='ltr'>οἷς</span> <span class='ocrx_word' id='word_1_284' title='bbox 1521 2433 1590 2475; x_wconf 84' lang='grc' dir='ltr'>διὰ</span> <span class='ocrx_word' id='word_1_285' title='bbox 1620 2433 1699 2485; x_wconf 89' lang='grc' dir='ltr'>τὰς</span> 
     </span>
     <span class='ocr_line' id='line_1_34' title="bbox 231 2501 1700 2555; baseline -0.002 -9"><span class='ocrx_word' id='word_1_286' title='bbox 231 2502 494 2555; x_wconf 81' lang='grc' dir='ltr'>δυσπραξίας</span> <span class='ocrx_word' id='word_1_287' title='bbox 550 2502 590 2544; x_wconf 81' lang='grc' dir='ltr'>οἱ</span> <span class='ocrx_word' id='word_1_288' title='bbox 639 2503 898 2554; x_wconf 86' lang='grc' dir='ltr'>στρατιῶται</span> <span class='ocrx_word' id='word_1_289' title='bbox 954 2503 1164 2554; x_wconf 80' lang='grc' dir='ltr'>περιδεεῖς</span> <span class='ocrx_word' id='word_1_290' title='bbox 1219 2501 1451 2553; x_wconf 86' lang='grc' dir='ltr'>γεγονότες</span> <span class='ocrx_word' id='word_1_291' title='bbox 1510 2501 1700 2553; x_wconf 82' lang='grc' dir='ltr'>ἐχρῶντο</span> 
     </span>
     <span class='ocr_line' id='line_1_35' title="bbox 230 2570 1699 2622; baseline 0 -10"><span class='ocrx_word' id='word_1_292' title='bbox 230 2573 445 2622; x_wconf 89' lang='grc' dir='ltr'>συνεχῶς·</span> <span class='ocrx_word' id='word_1_293' title='bbox 478 2570 524 2622; x_wconf 81' lang='grc' dir='ltr'>ἕς</span> <span class='ocrx_word' id='word_1_294' title='bbox 549 2585 594 2612; x_wconf 89' lang='grc' dir='ltr'>τε</span> <span class='ocrx_word' id='word_1_295' title='bbox 617 2570 667 2611; x_wconf 90' lang='grc' dir='ltr'>τὸ</span> <span class='ocrx_word' id='word_1_296' title='bbox 690 2571 846 2621; x_wconf 82' lang='grc' dir='ltr'>μέλλον</span> <span class='ocrx_word' id='word_1_297' title='bbox 867 2570 1024 2612; x_wconf 87' lang='grc' dir='ltr'>ἀπεῖπε</span> <span class='ocrx_word' id='word_1_298' title='bbox 1057 2572 1215 2621; x_wconf 81' lang='grc' dir='ltr'>μηδὲν</span> <span class='ocrx_word' id='word_1_299' title='bbox 1247 2571 1570 2622; x_wconf 81' lang='grc' dir='ltr'>ἐσφέρεσθαι</span> <span class='ocrx_word' id='word_1_300' title='bbox 1600 2573 1699 2612; x_wconf 86' lang='grc' dir='ltr'>τῶν</span> 
     </span>
     <span class='ocr_line' id='line_1_36' title="bbox 230 2637 1700 2690; baseline 0 -10"><span class='ocrx_word' id='word_1_301' title='bbox 230 2638 512 2690; x_wconf 89' lang='grc' dir='ltr'>περιστίων</span> <span class='ocrx_word' id='word_1_302' title='bbox 543 2638 620 2689; x_wconf 83' lang='lat' dir='ltr'>(sic</span> <span class='ocrx_word' id='word_1_303' title='bbox 645 2640 901 2690; x_wconf 86' lang='lat' dir='ltr'>Nipperdey:</span> <span class='ocrx_word' id='word_1_304' title='bbox 935 2641 1057 2679; x_wconf 87' lang='lat' dir='ltr'>codd.</span> <span class='ocrx_word' id='word_1_305' title='bbox 1074 2637 1316 2689; x_wconf 83' lang='grc' dir='ltr'>περισσῶν)</span> <span class='ocrx_word' id='word_1_306' title='bbox 1349 2639 1475 2689; x_wconf 79' lang='grc' dir='ltr'>μηδὲ</span> <span class='ocrx_word' id='word_1_307' title='bbox 1505 2637 1700 2690; x_wconf 87' lang='grc' dir='ltr'>ἱερεῖον</span> 
     </span>
     <span class='ocr_line' id='line_1_37' title="bbox 231 2706 957 2759; baseline -0.001 -11"><span class='ocrx_word' id='word_1_308' title='bbox 231 2707 283 2759; x_wconf 81' lang='grc' dir='ltr'>ἐς</span> <span class='ocrx_word' id='word_1_309' title='bbox 316 2707 562 2758; x_wconf 88' lang='grc' dir='ltr'>μαντείαν</span> <span class='ocrx_word' id='word_1_310' title='bbox 592 2706 957 2757; x_wconf 89' lang='grc' dir='ltr'>πεποιημένον.</span> 
     </span>
    </p>
   </div>
  </div>
 </body>
</html>
