1894 3403
949 229 1002 267 43

243 343 435 381 Secutam
478 343 630 380 deinde
677 354 770 381 esse
813 347 913 392 puto
963 342 1311 391 comparationem
1358 346 1530 378 naturae
1573 340 1713 389 poesis

243 412 478 449 Lucilianae
510 425 601 449 cum
635 411 864 455 comoedia,
896 417 940 448 ut
975 412 1087 460 apud
1124 410 1225 450 Hor.
1256 411 1278 449 l.
1311 410 1432 458 l.,uu.
1466 419 1517 458 45
1551 421 1637 460 sqq.
1670 413 1712 445 et

247 490 260 516 1
298 491 386 530 sqq.
413 478 550 517 Unum
579 492 618 517 u.
650 491 701 516 ex
738 479 815 516 hac
843 485 960 528 parte
990 479 1078 516 libri
1108 478 1225 515 XXX
1255 478 1441 515 relictum
1471 482 1572 526 puto
1603 476 1712 513 hunc

244 546 324 596 889
356 547 389 584 L
426 546 473 584 16
504 547 560 592 M,
589 547 659 584 ubi
687 548 809 585 codd.
840 543 1015 585 ‘sicutite
1045 547 1114 597 qui
1162 558 1211 583 ea
1241 558 1348 596 quae
1390 544 1568 595 speciem
1601 544 1711 581 uitae

239 620 431 664 putamus
462 611 574 652 esse’
605 626 711 665 quae
742 615 800 651 sic
829 615 1070 652 correxerim
1100 613 1165 662 (L.
1197 614 1303 651 sicut
1330 609 1391 663 te)

353 683 456 720 sicut
485 683 535 726 ei,
566 683 635 733 qui
664 694 726 727 ea,
757 694 864 732 quae
894 683 1075 732 speciem
1103 682 1214 719 uitae
1246 694 1338 719 esse
1369 687 1575 730 putamus.

245 751 303 788 Εἰ
327 763 401 800 pro
431 751 566 788 iambo
597 751 776 799 positum
804 751 1008 788 inuenitur
1036 751 1145 799 apud
1175 750 1413 787 Terentium
1443 754 1485 785 et
1515 747 1710 786 Ouidium

240 819 431 868 (Mueller
462 820 503 857 d.
531 832 559 857 r.
588 832 640 856 m.
662 832 702 868 p.
727 829 819 868 272.
845 829 937 867 255.
970 818 1138 857 Lachm.
1171 818 1226 856 ad
1243 818 1363 856 Lucr.
1390 830 1429 867 p.
1453 813 1563 867 152),
1595 816 1710 867 quod

244 892 328 924 tam
356 898 446 923 raro
464 887 575 936 apud
590 886 811 936 dactylicos
842 886 987 923 mirum
1017 898 1100 923 non
1130 891 1205 934 est,
1236 885 1305 935 qui
1335 885 1502 922 omnino
1534 883 1709 934 fugerint

240 953 351 990 uocis
377 953 493 990 istius
524 953 674 989 formas
706 964 862 991 omnes.
922 953 995 997 Ea,
1028 964 1134 1001 quae
1163 953 1316 1000 speciem
1346 952 1448 988 uitae
1474 951 1605 1001 putari
1628 952 1707 988 Lu-

242 1020 354 1058 cilius
387 1020 485 1058 dicit
516 1020 603 1057 sine
635 1020 763 1057 dubio
795 1025 889 1057 sunt
927 1032 991 1057 res
1028 1021 1083 1057 ad
1113 1019 1322 1069 exemplar
1363 1019 1473 1057 uitae
1511 1018 1709 1056 formatae

241 1088 358 1137 (Hor.
391 1101 426 1135 a.
457 1101 495 1137 p.
527 1085 639 1137 317),
684 1094 729 1125 ut
764 1088 896 1125 Horat
934 1100 997 1137 ep.
1030 1088 1049 1125 I
1086 1087 1147 1133 18,
1177 1099 1213 1126 2.
1260 1098 1311 1136 95
1343 1087 1381 1125 ΙΙ
1411 1097 1448 1132 2,
1486 1097 1561 1134 124
1610 1086 1709 1124 dicit

240 1156 471 1200 scurrantis,
503 1155 677 1199 obscuri,
709 1155 886 1192 ludentis
918 1156 1119 1204 speciem:
1150 1168 1300 1204 nempe
1332 1154 1593 1192 comoediam
1628 1154 1709 1190 Lu-

239 1223 353 1261 cilius
394 1223 452 1261 ita
497 1222 708 1272 significat.
768 1222 885 1260 Conf.
934 1221 1016 1261 Cic.
1061 1223 1114 1259 de
1160 1235 1241 1272 rep.
1286 1221 1345 1259 IV
1391 1233 1451 1270 11,
1490 1232 1536 1270 13
1585 1220 1709 1259 Orelli

240 1286 250 1300 ‘
268 1289 537 1327 Comoediam
567 1300 660 1325 esse
681 1288 825 1326 Cicero
857 1289 912 1325 ait
942 1289 1193 1325 imilationem
1225 1290 1342 1333 uitae,
1374 1289 1584 1338 speculum
1614 1299 1708 1325 con-

238 1357 477 1402 suetudinis,
525 1356 742 1406 imaginem
788 1352 998 1394 ueritatis’.
1077 1355 1265 1406 Prolegg.
1323 1356 1378 1393 de
1433 1355 1622 1393 comoed.
1667 1354 1708 1390 in

241 1425 402 1473 Bergkii
430 1425 634 1473 Aristoph.
655 1424 712 1461 IX
745 1422 948 1476 Κωμῳδία
970 1421 1087 1464 ἐστὶν
1118 1421 1143 1471 ἡ
1164 1422 1211 1463 έν
1241 1422 1358 1476 μέσῳ
1389 1423 1497 1463 λαοῦ
1529 1434 1709 1471 κατηγο-

239 1490 308 1542 ρία
342 1524 349 1531 .
382 1523 389 1531 .
422 1524 429 1531 .
461 1488 553 1531 ἔστι
584 1489 631 1530 δὲ
659 1487 776 1540 εἶδος
807 1489 1046 1541 ποιήματος
1076 1489 1122 1531 έν
1142 1489 1303 1540 κώμαις
1332 1488 1460 1530 κατὰ
1489 1488 1708 1539 τὸνβίον

242 1558 468 1612 ᾀδόμενον.
510 1558 599 1599 Διὰ
623 1559 752 1599 τοῦτο
782 1558 851 1599 καὶ
881 1558 1125 1611 ‘eimanag'
1155 1560 1335 1612 λέγεται,
1365 1558 1589 1601 τουτέστιν
1620 1558 1707 1600 ἱλα-

238 1628 325 1677 ρῶς
344 1660 351 1667 .
373 1659 406 1667 ..
434 1625 459 1675 ἢ
491 1625 746 1677 (βιωτικῶς’
779 1627 909 1668 κατὰ
930 1627 1140 1678 μίμησιν
1169 1630 1259 1669 τοῦ
1289 1627 1415 1679 βίου,
1443 1628 1528 1668 κτλ.
1550 1629 1708 1666 Ibidem

240 1695 336 1731 VIII
371 1705 416 1731 12
449 1691 540 1733 ἔστι
571 1693 618 1733 δὲ
648 1692 673 1742 ἡ
705 1693 903 1748 κωμῳδία
945 1694 1116 1745 μίμησις
1161 1694 1360 1746 πράξεως
1404 1693 1708 1745 καθαρωτέρας

238 1757 501 1809 παθημάτων
543 1760 777 1810 συστατικὴ
809 1763 901 1802 τοῦ
947 1761 1061 1812 βίου
1093 1761 1217 1814 (conf.
1248 1764 1306 1801 1V
1336 1764 1389 1814 ο),
1421 1761 1490 1802 διὰ
1518 1761 1707 1811 γέλωτος

238 1826 307 1868 καὶ
337 1825 498 1878 ἡδονῆς
529 1827 783 1879 τυπουμένη.
825 1828 1037 1881 Διαφέρει
1068 1829 1115 1871 δὲ
1142 1829 1357 1884 τραγῳδία
1388 1828 1611 1884 κωμῳδίας
1641 1827 1708 1870 ὅτι

236 1894 261 1944 ἡ
294 1895 369 1944 μὲν
399 1895 697 1948 τραγῳδία
730 1895 755 1946 ἡ
788 1897 834 1938 δὲ
864 1897 1062 1951 κωμῳδία
1088 1897 1372 1948 πλάσματα
1398 1897 1583 1948 περιέχει
1602 1899 1707 1948 βιω-

237 1963 391 2003 τικῶν
426 1961 792 2014 πραγμάτωνῑ).
853 1965 1044 2005 Diomed.
1075 1966 1093 2003 1
1129 1980 1167 2016 p.
1198 1966 1300 2014 488:
1349 1964 1551 2019 Κωμῳδία
1588 1964 1707 2005 ἐστὶν

238 2028 458 2070 ἰδιωτικῶν
503 2030 764 2081 πραγμάτων
806 2030 1033 2082 ἀκίνδυνος
1072 2032 1262 2083 περιοχή.
1298 2056 1344 2061 ——
1383 2035 1450 2072 Ad
1497 2047 1540 2071 ea
1584 2034 1624 2071 in
1667 2046 1706 2072 u.

237 2097 377 2135 Lucilii
403 2098 633 2148 supplenda
663 2111 754 2136 esse
785 2106 885 2149 puto
907 2105 1100 2149 poemata.

372 2165 480 2202 Tum
525 2167 664 2203 denuo
702 2168 959 2205 adversarius
991 2190 1041 2194 —
1083 2181 1149 2207 uu.
1181 2170 1273 2216 963.
1303 2180 1383 2217 913
1415 2169 1448 2206 L
1482 2179 1547 2217 29.
1581 2180 1633 2217 34
1663 2169 1706 2206 M

241 2254 286 2258 -
312 2238 481 2282 poetam
510 2233 667 2283 culpat:

281 2329 288 2337 .
321 2329 328 2338 .
362 2306 486 2351 atque
513 2301 592 2339 tuis
624 2303 758 2339 saeuis
790 2302 905 2340 factis
935 2309 976 2340 et
1006 2300 1177 2340 tristibu'
1210 2303 1330 2341 dictis

347 2370 518 2417 gaudes,
551 2381 643 2407 cum
673 2371 726 2408 de
755 2382 820 2408 me
849 2370 928 2409 ista
958 2370 1053 2408 foris
1085 2371 1332 2409 sermonibu'
1365 2372 1502 2410 differs

373 2506 401 2551 1)
426 2508 526 2540 Idem
552 2507 639 2541 ibid.
668 2508 726 2540 IX
755 2516 783 2541 1.
810 2525 854 2531 —
888 2508 990 2541 Conf.
1017 2508 1146 2541 Donat.
1182 2509 1226 2542 de
1258 2520 1347 2543 com.
1375 2515 1409 2543 et
1434 2515 1520 2553 trag.
1547 2511 1705 2554 (Terent.

236 2566 291 2598 ed.
316 2566 589 2598 Westerhovius
615 2568 633 2598 I
657 2577 691 2609 p.
717 2565 852 2609 LV11):
890 2566 1099 2599 ‘Comoedia
1126 2577 1210 2600 uero
1238 2568 1322 2611 quia
1341 2574 1470 2611 poema
1496 2572 1562 2602 sub
1589 2573 1704 2603 imita-

236 2627 332 2657 tione
360 2627 459 2657 uitae
482 2630 591 2667 atque
608 2636 746 2656 morum
771 2627 1014 2657 similitudine
1031 2627 1263 2668 compositum
1284 2632 1347 2668 est,
1373 2628 1410 2659 in
1436 2633 1539 2669 gestu
1566 2635 1601 2661 et
1626 2642 1705 2673 pro-

234 2683 453 2715 nuntiatione
481 2684 643 2716 consistit
668 2709 675 2716 .
704 2709 710 2716 .
741 2709 748 2717 .
776 2683 1002 2716 Comoediam
1028 2709 1036 2716 .
1067 2710 1075 2717 .
1102 2686 1214 2728 primo
1240 2686 1359 2718 Liuius
1374 2687 1604 2721 Andronicus
1630 2699 1705 2731 rep-

233 2741 338 2785 perit:
379 2742 494 2785 aitque
522 2742 739 2775 comoediam
767 2752 844 2774 esse
870 2744 1090 2775 cottidianae
1114 2746 1212 2776 uitae
1238 2746 1423 2786 speculum
1435 2745 1454 2778 '.
1505 2747 1704 2779 Euanthius

234 2802 278 2833 de
304 2802 488 2843 tragoedia
514 2808 548 2835 et
579 2803 763 2835 comoedia
792 2802 926 2835 ibidem
950 2814 982 2846 p.
1011 2804 1077 2836 LI:
1118 2803 1228 2836 ‘Tum
1255 2805 1351 2847 quod
1385 2805 1423 2839 in
1449 2806 1630 2848 tragoedia
1655 2807 1705 2840 fu-

232 2861 362 2904 gienda
387 2864 465 2895 uita
479 2873 488 2901 ;
514 2862 551 2894 in
580 2862 764 2896 comoedia
789 2863 1010 2906 capessenda
1035 2863 1266 2907 exprimitur‘.
