1894 3403
893 1044 1058 1083 VITA.

376 1183 407 1219 F
412 1182 607 1219 ridericus
639 1181 753 1219 Marx
785 1180 979 1218 Friderici
1009 1180 1033 1218 f.
1065 1185 1193 1217 matre
1225 1190 1247 1215 e
1285 1182 1409 1227 gente
1444 1175 1563 1219 Platt,
1610 1174 1705 1211 fidei

243 1249 508 1298 euangelicae
538 1255 659 1285 natus
691 1260 779 1285 sum
809 1247 1048 1296 Bessungae
1079 1246 1171 1282 uico
1199 1243 1481 1281 Darmstadtio
1514 1241 1599 1277 urbi
1632 1242 1706 1277 ad-

243 1318 438 1355 haerente
482 1329 588 1354 anno
619 1316 736 1354 huius
781 1315 934 1354 saeculi
964 1314 1056 1352 LIX
1100 1313 1250 1350 mensis
1282 1311 1430 1361 Aprilis
1471 1310 1539 1346 die
1575 1307 1704 1346 XXII.

243 1386 364 1422 Anno
401 1384 536 1422 LXIX
579 1383 776 1433 gymnasii
806 1383 915 1419 urbis
961 1381 1116 1431 patriae
1161 1378 1383 1427 discipulus
1427 1377 1556 1414 factus
1601 1387 1704 1420 sum,

242 1453 354 1489 cuius
380 1452 532 1489 classes
563 1462 705 1488 omnes
735 1449 911 1499 percurri
941 1449 1157 1497 magistros
1189 1446 1375 1496 egregios
1406 1449 1549 1482 nactus
1581 1442 1702 1486 uiros,

242 1530 414 1569 quorum
456 1518 719 1568 benignitatis
763 1529 844 1567 qua
888 1517 927 1552 in
971 1527 1035 1552 me
1079 1519 1195 1551 erant
1239 1524 1401 1561 semper
1436 1521 1592 1548 memor
1629 1509 1705 1545 erit

240 1588 410 1625 animus.
442 1587 628 1636 Inprimis
660 1586 858 1636 quidquid
889 1597 977 1622 sum
1008 1584 1094 1621 uiro
1116 1583 1252 1620 debeo
1276 1581 1423 1630 insigni
1449 1578 1704 1616 humanitate

241 1654 442 1704 praeditO,
486 1652 654 1693 Carolo
690 1651 800 1697 Se11,
844 1652 938 1702 phil.
971 1650 1142 1695 doctori,
1189 1649 1302 1686 uerbi
1348 1647 1475 1684 diuini
1520 1646 1561 1683 in
1603 1645 1703 1683 urbe

239 1722 370 1770 patria
392 1722 589 1765 ministro,
621 1732 728 1757 nunc
755 1725 922 1757 senatus
953 1717 1217 1756 ecclesiastici
1234 1715 1477 1758 consiliario,
1510 1715 1579 1763 qui
1610 1726 1703 1751 cum

240 1788 376 1826 multis
421 1793 507 1825 tum
551 1787 659 1830 mihi,
702 1788 770 1837 qui
814 1782 1009 1835 puerulus
1040 1785 1097 1821 VI
1140 1794 1339 1821 annorum
1383 1788 1500 1831 patre
1537 1781 1702 1818 orbatus

239 1867 387 1900 essem,
433 1860 475 1892 et
514 1855 625 1891 uitae
667 1860 708 1891 et
745 1854 971 1890 studiorum
1016 1844 1254 1889 moderator
1289 1849 1702 1887 beneuolentissimus

241 1922 404 1961 adiutor
449 1922 741 1959 sincerissimus
773 1920 859 1965 fuit,
905 1925 949 1957 ut
984 1931 1119 1968 neque
1163 1918 1283 1955 dictis
1315 1928 1450 1965 neque
1482 1915 1598 1953 factis
1631 1926 1704 1951 un-

241 2004 362 2042 quam
416 1991 513 2028 satis
565 1990 711 2038 dignas
763 1989 799 2025 ei
847 1988 998 2037 gratias
1038 1999 1102 2024 me
1149 1997 1271 2035 agere
1316 1996 1441 2034 posse
1484 1983 1703 2021 confidam.

241 2060 473 2097 Auctumno
503 2058 599 2094 anni
629 2055 824 2094 LXXVII
866 2055 1111 2093 maturitatis
1153 2053 1428 2091 testimonium
1458 2055 1704 2088 consecutus

240 2127 382 2164 Gissas
413 2137 477 2162 me
509 2124 674 2168 contuli,
706 2124 774 2160 ubi
804 2135 875 2172 per
905 2128 967 2159 ter
994 2134 1066 2159 sex
1087 2132 1251 2158 menses
1275 2119 1528 2169 philologieis
1561 2118 1704 2155 studiis

239 2205 406 2242 operam
442 2192 559 2230 dedi:
591 2203 687 2228 uere
717 2191 813 2228 anni
841 2190 1014 2228 LXXIX
1045 2189 1152 2226 hanc
1182 2189 1324 2226 sedem
1354 2187 1577 2224 litterarum
1607 2185 1703 2229 adii,

240 2261 307 2299 ubi
336 2273 408 2310 per
438 2266 519 2297 tres
548 2271 677 2297 annos
698 2264 741 2296 et
767 2270 838 2296 sex
873 2269 1036 2295 menses
1057 2256 1304 2306 philologiae
1327 2260 1368 2291 et
1389 2253 1703 2301 archaeologiae

235 2329 295 2367 sui
326 2328 545 2367 studiosus,
1644 2313 1651 2320 ’

370 2396 609 2434 Docuerunt
631 2407 694 2432 me
714 2394 787 2432 uiri
804 2393 1011 2432 clarissimi
1026 2393 1219 2442 Bernays‚
1238 2392 1448 2441 Birlinger,
1460 2389 1702 2434 Buecheler,

240 2463 409 2509 Clemm‚
431 2462 606 2507 Kekule,
629 2462 728 2507 Leo,
752 2462 785 2513 J.
804 2461 847 2499 B.
867 2461 1018 2509 Meyer,
1041 2459 1226 2504 Oncken,
1249 2458 1434 2508 Philippi,
1451 2456 1704 2500 Schulthess,

238 2532 411 2578 Usener,
456 2532 628 2576 Vullers,
673 2530 872 2567 Weiland.
952 2528 1007 2566 Ut
1052 2530 1094 2566 in
1140 2527 1357 2565 seminario
1405 2526 1703 2575 philologorum

240 2600 426 2638 Gissensi
471 2611 625 2647 essem,
671 2598 817 2647 insigni
862 2596 1046 2635 Clemmii
1096 2601 1135 2633 et
1185 2594 1369 2644 Philippii
1413 2593 1705 2631 beneuolentia

238 2668 391 2706 factum
422 2674 498 2713 est,
530 2669 667 2716 ibique
687 2678 818 2716 paene
839 2679 911 2704 sex
932 2677 1097 2703 menses
1119 2663 1463 2713 disputationibus
1485 2663 1703 2700 intereram

239 2736 389 2773 sodalis
429 2735 678 2772 ordinarius:
726 2734 820 2771 dein
857 2732 1083 2770 Buecheler
1130 2738 1172 2769 et
1211 2730 1372 2768 Usener
1414 2730 1592 2778 benigne
1637 2741 1703 2766 me

238 2805 541 2855 adscripserunt
562 2803 768 2841 sodalibus
791 2801 992 2839 seminarii
1014 2801 1113 2850 regii
1136 2799 1381 2843 BonnensiS,
1412 2798 1527 2836 euius
1549 2797 1705 2835 sodalis

238 2873 294 2912 fui
324 2885 396 2924 per
426 2878 486 2910 ter
514 2883 586 2909 sex
617 2882 790 2916 menses,
829 2882 902 2921 per
932 2881 1084 2907 annum
1115 2869 1263 2907 senior.
1322 2866 1698 2905 Exercitationibus
