1894 3403
936 224 985 261 41

234 350 348 388 prou.
381 338 438 375 VI
468 338 534 386 46,
573 339 686 389 quod
719 339 852 388 ipsum
886 337 1137 376 mortiferum
1184 337 1329 375 uulnus
1370 336 1597 385 significare
1633 348 1701 374 ex-

235 406 352 457 ponit
381 406 552 455 scriptor
595 418 729 456 neque
769 417 875 454 quae
907 405 1094 444 Eustath.
1127 417 1166 455 p.
1194 414 1262 453 45,
1292 415 1344 453 42
1391 400 1477 444 ὅσα
1508 403 1700 452 δυσαλθῆ

236 470 342 514 ὄντα
365 471 493 514 δέοιτ’
525 472 577 514 ἂν
599 471 748 523 ἰατροῦ
777 474 855 513 τοῦ
876 472 1090 523 Χείρωνος
1121 474 1301 522 appellat
1328 474 1499 511 uulnera
1519 473 1574 510 ad
1594 472 1702 510 hunc

237 554 275 581 u.
297 541 520 591 pertinent:
552 542 704 580 etenim
730 542 864 579 uerbis
891 546 926 579 et
952 555 1029 579 non
1059 538 1261 591 mortzfero
1290 541 1394 579 haec
1423 540 1562 578 omnia
1585 540 1704 577 refel-

234 609 370 647 luntur
383 608 428 659 ¹).
502 609 633 647 Recte
678 609 710 646 si
749 608 893 647 Dousa
933 609 1171 646 emendauit
1223 607 1411 646 Chz'roneo
1457 608 1704 646 uocabulum

236 676 436 726 significet
465 689 636 715 necesse
666 682 729 714 est
757 677 965 715 medicante
995 677 1060 714 uel
1089 676 1280 716 liberante
1310 689 1334 713 a
1366 674 1540 725 morbo²)
1571 687 1700 726 oppo-

235 745 356 783 situm
377 746 513 783 uerbis
532 749 568 782 el
584 758 660 782 non
681 743 900 796 mortifero:
932 751 1090 784 traxere
1110 744 1383 783 medicamina
1399 744 1528 782 multa
1552 756 1704 782 nomen

233 825 258 850 a
289 812 479 859 Chirone,
521 814 634 851 uelut
672 813 814 864 planta
857 813 1067 852 salutifera
1102 825 1282 863 panaces
1320 813 1429 851 dicta
1459 813 1549 850 alia.
1569 808 1703 863 ,(P1in.

231 881 350 919 XXV
384 879 468 932 32).
534 881 678 931 Agitur
708 882 818 918 enim
851 881 931 919 hoc
961 893 999 920 u.
1039 882 1093 919 de
1122 881 1270 919 Iasone
1302 880 1501 925 Pheraeo,
1539 881 1604 918 cui
1634 881 1703 918 ali-

234 948 324 999 quis
369 948 620 986 mortiferum
666 950 812 986 uulnus
854 948 1001 986 inferre
1052 949 1275 986 meditatus
1321 949 1525 986 uomicam
1566 949 1703 997 gladio

234 1023 470 1067 perruptam
515 1017 720 1055 curauisse
761 1011 926 1055 dicitur:
1001 1017 1107 1056 conf.
1154 1016 1259 1055 Plut.
1303 1017 1356 1054 de
1401 1016 1547 1054 inimic.
1588 1016 1704 1056 utilit.

234 1097 325 1134 cap.
358 1084 381 1122 6
411 1080 582 1134 Ὥσπερ
614 1083 696 1134 γὰρ
725 1082 750 1124 ὁ
784 1082 860 1124 τὸν
891 1083 1122 1125 Θεσσαλὸν
1152 1083 1389 1134 Προμηθέα
1427 1084 1587 1125 κτεῖναι
1618 1085 1704 1124 δια-

232 1150 404 1201 νοηθεὶς
434 1149 585 1192 ἔπαισε
619 1153 678 1205 τῷ
722 1150 832 1202 ξίφει
878 1151 928 1192 τὸ
959 1152 1079 1203 φῦμα
1110 1150 1179 1192 καὶ
1209 1152 1363 1192 διεῖλεν
1406 1148 1545 1202 οὕτως
1589 1149 1703 1192 ὥστε

231 1220 424 1268 σωθῆναι
464 1217 540 1260 τὸν
580 1216 808 1269 ἄνθρωπον
850 1218 919 1259 καὶ
961 1217 1259 1268 ἀπαλλαγῆναι
1290 1220 1367 1259 τοῦ
1399 1217 1598 1269 φύματος
1630 1217 1702 1268 ῥα-

232 1285 385 1338 γέντος
415 1287 500 1328 κτλ.
534 1287 633 1325 Plin.
664 1287 741 1325 VII
778 1287 853 1326 166
884 1284 1109 1326 ‘Pheraeus
1140 1288 1263 1325 Iason
1297 1287 1534 1337 deploratus
1565 1300 1590 1325 a
1619 1299 1704 1324 me-

235 1356 337 1394 dicis
369 1357 538 1394 uomicae
565 1356 691 1394 morbo
722 1369 813 1395 cum
842 1362 1015 1394 mortem
1045 1357 1086 1393 in
1117 1356 1205 1393 acie
1238 1361 1453 1405 quaereret
1483 1356 1699 1393 uulnerato

233 1430 402 1475 pectore
432 1426 678 1463 medicinam
709 1425 861 1462 inuenit
888 1437 939 1462 ex
969 1420 1118 1463 hoste'.
1180 1424 1247 1462 Ad
1279 1425 1458 1462 eandem
1495 1436 1580 1462 rem
1611 1436 1703 1473 per-

233 1493 362 1530 tinere
395 1498 496 1542 puto
535 1493 622 1529 libri
653 1493 837 1529 eiusdem
866 1505 906 1531 u.
940 1502 1012 1541 741
1050 1493 1083 1529 L
1114 1491 1166 1540 98
1197 1492 1260 1529 M:
1311 1490 1545 1542 [Tyrannus
1574 1492 1702 1530 multa

236 1565 408 1598 conatus
439 1556 626 1612 tandem]

317 1639 395 1677 hoc
409 1639 613 1677 inuenisse
635 1636 712 1691 (sic
728 1640 780 1676 L:
812 1640 934 1677 codd.
953 1637 1194 1687 inuenisset)
1223 1652 1349 1677 unum
1367 1640 1422 1677 ad
1439 1639 1627 1677 morbum
1648 1639 1701 1676 illi

700 1706 852 1744 homini
882 1706 949 1744 uel
979 1706 1243 1744 bellissimum

234 1791 479 1841 perhibetur.
540 1790 624 1830 Cic.
648 1792 702 1829 de
728 1796 810 1830 nat.
833 1792 947 1830 deor.
964 1792 1024 1830 ΙΙΙ
1048 1801 1116 1842 70:
1148 1788 1254 1830 ‘Nec
1284 1822 1292 1831 .
1325 1821 1333 1830 .
1365 1791 1493 1829 uoluit
1525 1820 1534 1828 .
1568 1822 1575 1829 .
1610 1803 1701 1841 pro-

233 1861 355 1896 desse
387 1859 570 1896 Pheraeo
600 1860 736 1896 Iasoni
775 1860 822 1903 is,
863 1860 931 1910 qui
966 1860 1105 1909 gladio
1151 1860 1356 1898 uomicam
1395 1860 1483 1897 eius
1527 1860 1702 1909 aperuit,

233 1938 357 1975 quam
386 1937 530 1963 sanare
568 1926 716 1964 medici
752 1938 836 1964 non
865 1923 1113 1976 potuerant'.
1159 1926 1237 1965 Ual
1281 1927 1389 1964 MaX.
1422 1926 1440 1963 I
1471 1926 1495 1963 8
1542 1933 1623 1965 ext.
1657 1927 1701 1964 6:

233 1989 425 2031 ‘Diuinae
456 1993 643 2031 fortunae
677 1994 824 2032 uulnus
859 1994 1041 2032 Pheraeo
1073 1994 1211 2032 Iasoni
1255 1994 1424 2044 quidam
1469 1994 1581 2031 exitii
1612 1995 1700 2032 eius

232 2061 405 2111 cupidus
437 2061 582 2101 intulit.
645 2061 751 2100 Nam
782 2074 873 2100 cum
901 2062 1007 2100 inter
1037 2062 1204 2100 insidias
1240 2062 1380 2112 gladio
1413 2074 1508 2099 eum
1538 2074 1702 2112 percus-

233 2270 338 2301 ulcus
364 2272 417 2301 est
442 2267 573 2311 ubique
599 2267 693 2312 apud
720 2268 927 2312 scriptores:
956 2268 1048 2302 Poll.
1074 2269 1128 2301 IV
1157 2269 1222 2309 196
1250 2267 1456 2312 Χειρώνιον
1486 2268 1594 2310 ἕλκος
1618 2269 1702 2312 χρό-

231 2339 322 2372 νιον,
349 2328 602 2372 δυσούλωτον,
628 2327 729 2371 χείλη
757 2328 910 2373 σκληρά,
933 2329 1106 2372 τυλώδης
1131 2328 1233 2373 σάρξ,
1259 2328 1522 2373 ὑποπέλιδνος,
1549 2329 1590 2364 ἐν
1615 2329 1702 2373 κνή-

232 2397 316 2430 μαις
341 2388 401 2421 καὶ
432 2386 552 2422 ποσίν.
604 2388 736 2421 Zenob.
762 2388 816 2420 VI
841 2389 897 2429 46.
932 2388 1028 2421 Suid.
1057 2399 1083 2422 s,
1109 2399 1143 2421 u.
1174 2388 1285 2431 Apul.
1322 2389 1366 2420 de
1392 2388 1493 2422 herb.
1522 2397 1580 2430 23.
1607 2389 1703 2422 Cels.

230 2448 254 2482 1.
281 2448 304 2481 1.
332 2447 494 2482 Eustath.
521 2459 555 2491 p.
581 2448 662 2490 463,
689 2456 745 2491 34.

375 2506 400 2551 ¹)
426 2508 556 2541 Zenob.
583 2507 608 2539 1.
637 2507 663 2540 1.
688 2507 733 2541 τὸ
760 2506 834 2541 ἀπὸ
861 2509 1002 2550 πολλῆς
1029 2507 1200 2548 στάσεως
1226 2507 1267 2541 ἑν
1292 2511 1372 2549 τοῖς
1398 2509 1488 2542 ποσὶ
1505 2509 1703 2550 γινόμενον

230 2569 379 2611 τραῦμα
405 2567 466 2601 καὶ
491 2567 672 2610 διηνεκῶς
697 2566 834 2611 ἰχῶρας
852 2567 1032 2611 ἑκκρῑνον.
1081 2567 1276 2608 Τοξευθεὶς
1300 2566 1371 2610 γὰρ
1390 2567 1465 2602 ὑπὸ
1480 2567 1704 2611 Ἡρακλέους

231 2627 251 2660 ὁ
279 2625 422 2673 Χείρων
448 2626 570 2669 μάχην
595 2625 688 2669 πρὸς
716 2626 948 2669 Κενταύρους
975 2626 1255 2669 ἑνστησαμένου
1281 2625 1437 2661 ἀνίατον
1463 2627 1571 2669 ἔσχἐν
1597 2627 1704 2669 ἕλκος

231 2684 316 2728 περὶ
340 2684 409 2718 τὸν
433 2684 532 2719 πόδα
556 2686 600 2719 δι’
627 2685 672 2719 οὗ
700 2686 760 2719 καὶ
786 2685 959 2720 ἀπέθανε.
1010 2685 1124 2719 Ὅθεν
1155 2686 1177 2727 ἡ
1205 2684 1384 2728 παροιμία
1411 2685 1471 2719 ἐπὶ
1496 2688 1576 2720 τῶν
1602 2686 1702 2720 ἀνιά-

231 2755 311 2778 των
336 2743 507 2788 προήχθη
534 2745 771 2789 τραυμάτων.
822 2746 946 2781 Galen.
973 2746 1070 2778 XIII
1093 2757 1126 2789 p.
1154 2745 1235 2791 6735.

366 2802 392 2847 ²)
418 2803 530 2837 Uelut
567 2804 677 2838 Clem.
702 2804 808 2839 Alex.
834 2805 981 2849 paedag.
1008 2806 1026 2837 I
1052 2805 1084 2844 8,
1113 2813 1157 2847 74
1195 2805 1278 2836 dicit
1308 2807 1453 2848 τρῶσαι
1483 2804 1527 2838 οὐ
1555 2804 1704 2838 θανασί-

231 2873 311 2905 μως
343 2863 435 2899 ἀλλὰ
461 2863 671 2908 σωτηρίως.
