1894 3403
925 227 976 266 55

216 352 338 389 quam
367 347 435 378 aut
465 354 489 378 a
520 341 651 391 poetis
681 345 752 378 aut
782 352 806 376 a
836 339 1117 377 sacerdotibus
1148 340 1323 378 inuenio.
1384 339 1505 377 Mitto
1528 338 1689 376 Mercu-

215 407 336 446 rium:
382 420 475 445 eum
519 409 627 445 enim
671 406 885 456 praeconis
930 411 1088 443 tantum
1136 418 1300 443 munere
1343 405 1408 443 uel
1454 404 1620 442 uiatoris
1650 405 1691 442 in

216 476 387 514 deorum
416 476 594 514 conciliis
626 475 737 524 fungi
767 480 909 512 notum
940 479 1017 519 est,
1048 486 1132 511 non
1166 474 1440 512 contionantis
1459 472 1512 522 ¹):
1551 473 1690 523 itaque

213 545 327 582 huius
358 545 558 583 rationem
587 544 740 582 habere
770 543 899 580 minus
921 553 1023 592 opus
1056 547 1143 578 erat
1164 542 1215 587 ei,
1246 543 1315 592 qui
1345 543 1410 580 illa
1430 542 1556 580 uerba
1579 541 1685 579 facit.

214 614 445 663 Apollinem
464 627 576 663 uero,
609 624 731 663 quem
761 612 857 648 inde
888 612 939 647 ab
962 610 1245 659 antiquissimis
1266 610 1516 661 temporibus
1537 615 1689 660 poetae

213 682 388 731 pictores
419 687 642 719 statuarum
676 679 847 718 artifices
875 679 1062 716 finxerint
1088 679 1312 717 imberbem
1325 676 1359 730 ²)
1390 678 1688 729 pulchritudine

214 750 462 800 sempiterna
491 750 723 799 praeditum
754 753 798 785 et
833 747 1041 785 iuuentute
1078 748 1219 785 audire
1260 761 1442 798 magnum
1474 748 1595 785 allum
1629 746 1688 782 z'n-

212 822 359 854 tonsum
379 819 560 855 crinitum
582 818 737 867 flauum
745 815 969 868 formosum
981 815 1189 863 pulchrum
1209 817 1427 864 Apollinem
1459 817 1569 866 apud
1589 827 1688 866 poe-

213 890 274 923 tas
294 886 493 930 uidemus,
525 885 695 934 legimus
707 887 826 933 paler
849 882 1067 928 Gradmus,
1079 887 1198 931 pater
1222 883 1427 929 Portunus,
1451 888 1569 933 pater
1593 883 1687 921 Oce-

215 963 327 998 anus,
355 957 474 1002 pater
509 953 647 998 Orcus,
689 958 729 989 et
768 952 825 989 sic
862 952 1071 1001 deinceps,
1107 956 1262 999 patrem
1292 952 1525 1001 Apollinem
1555 952 1632 990 nisi
1663 965 1688 990 a

219 1020 398 1072 Creusae
428 1021 509 1059 filio
538 1021 604 1059 uel
635 1033 659 1058 a
690 1020 881 1058 similibus
908 1019 1017 1057 Ionis
1047 1020 1227 1057 inuocari
1258 1032 1332 1070 per
1361 1020 1428 1058 dei
1455 1021 1586 1070 ipsam
1615 1031 1686 1057 na·

213 1095 345 1126 turam
374 1101 458 1126 non
487 1089 591 1125 licet.
653 1088 797 1137 Neque
835 1086 987 1124 Gellius
1018 1086 1055 1123 V
1092 1096 1137 1123 12
1181 1088 1248 1124 ubi
1283 1088 1337 1125 de
1367 1088 1444 1125 hac
1484 1101 1525 1125 re
1557 1088 1688 1136 agitur

214 1161 510 1194 commemorat
539 1154 786 1206 Apollinem,
818 1164 956 1203 neque
986 1151 1218 1191 Macrobius
1240 1154 1258 1191 l
1285 1153 1345 1199 18,
1376 1155 1444 1192 ubi
1473 1155 1687 1193 contendit

214 1224 404 1261 Liberum
440 1229 600 1274 patrem
630 1223 808 1261 eundem
839 1232 931 1259 esse
962 1225 1087 1271 atque
1118 1222 1349 1271 Apollinem
1379 1224 1529 1261 eodem
1559 1224 1686 1261 utitur

212 1297 469 1342 argumento,
519 1304 601 1342 quo
638 1292 656 1329 Ι
692 1302 753 1341 19,
793 1301 815 1339 3
866 1290 1057 1328 euincere
1102 1291 1242 1328 studet
1289 1291 1480 1329 Liberum
1525 1298 1686 1342 patrem

210 1365 252 1397 et
300 1360 476 1398 Martem
532 1367 693 1410 patrem
746 1372 872 1398 unum
922 1370 1076 1395 numen
1128 1364 1169 1395 et
1209 1360 1374 1397 nomine
1418 1366 1575 1397 tantum
1625 1361 1683 1397 di-

209 1442 353 1468 uersos
398 1441 512 1476 esse,
564 1432 677 1481 quod
723 1437 936 1482 utrumque
993 1431 1171 1469 Romani
1229 1432 1355 1482 patris
1407 1431 1684 1482 appellatione

209 1504 477 1536 uenerentur:
540 1500 652 1549 quod
701 1505 985 1548 argumentum
1024 1499 1100 1537 illic
1146 1500 1347 1537 attulisset
1394 1500 1426 1537 si
1469 1500 1683 1549 potuisset,

210 1566 274 1604 hic
307 1566 455 1604 adferri
484 1567 694 1605 ridiculum
722 1573 821 1612 erat,
854 1567 886 1604 si
917 1568 972 1604 ad
1002 1579 1126 1605 unum
1157 1580 1299 1605 omnes
1330 1568 1408 1606 hoc
1437 1568 1683 1617 cognomine

145 1638 150 1643 '
209 1635 466 1672 uocabantur
496 1635 575 1673 dei.
636 1634 758 1673 Certe
795 1635 973 1684 uirgines
1003 1634 1193 1674 Uestales
1223 1636 1456 1686 Apollinem
1492 1637 1549 1673 ita
1578 1636 1684 1673 indi-

208 1702 415 1752 gitabant:
446 1698 614 1752 ‘Apollo
646 1702 819 1748 Medice,
851 1703 999 1753 Apollo
1031 1700 1189 1741 Paean’
1221 1702 1420 1751 (Macrob.
1452 1704 1471 1741 1
1509 1714 1570 1753 17,
1600 1699 1681 1754 15).

209 1768 306 1807 Ueri
333 1770 451 1818 igitur
478 1770 721 1808 simillimum
750 1776 814 1808 est
853 1772 1047 1820 conqueri
1078 1771 1309 1821 Apollinem
1346 1772 1458 1821 apud
1486 1771 1683 1808 Lucilium

210 1838 321 1886 quod
339 1849 429 1875 cum
450 1838 573 1876 ceteri
594 1839 650 1875 ad
670 1850 797 1876 unum
815 1850 958 1876 omnes
983 1844 1119 1888 patres
1137 1840 1339 1883 dicantur,
1368 1839 1455 1889 ipse
1471 1836 1682 1888 pulcher³)

209 1901 340 1953 καλός
364 1905 512 1943 audire
550 1905 682 1943 soleat
722 1912 767 1943 ut
798 1906 948 1943 exoleti
993 1906 1043 1943 ab
1088 1903 1392 1955 amatoribus⁴)‚
1438 1917 1573 1956 neque
1604 1906 1682 1943 ulla

209 1985 251 2010 re
281 1973 544 2023 prohibemur
575 1974 790 2023 quominus
829 1986 895 2012 uu.
931 1984 993 2023 27.
1029 1974 1079 2012 28
1110 1974 1143 2012 L
1184 1984 1248 2022 24.
1280 1984 1330 2023 25
1362 1973 1420 2019 M,
1463 1974 1505 2011 in
1535 1973 1680 2024 quibus

349 2085 374 2127 1)
402 2085 502 2118 Conf.
529 2086 678 2118 Luciani
704 2086 849 2119 deorum
875 2086 1059 2119 concilium
1084 2090 1189 2130 atque
1217 2086 1376 2118 eiusdem
1399 2086 1523 2119 Iouem
1547 2091 1682 2127 tragoe-

209 2146 310 2178 dum:
337 2149 519 2187 praeterea
544 2145 688 2177 Philod.
716 2146 761 2177 de
786 2145 869 2188 piet.
903 2156 937 2187 p.
964 2153 1008 2186 43
1036 2146 1159 2189 Gomp.
1210 2146 1324 2178 Etiam
1356 2146 1393 2178 in
1420 2146 1577 2178 Senecae
1602 2156 1682 2189 apo-

209 2204 428 2247 colocyntosi
459 2211 494 2235 11
538 2204 739 2236 Mercurius
772 2203 979 2247 apparitoris
1007 2214 1152 2236 munere
1185 2204 1357 2246 fungitur:
1398 2205 1493 2248 apud
1534 2204 1680 2238 Lucian.

207 2264 309 2307 Iupp.
336 2268 422 2306 trag.
454 2272 466 2296 1
498 2262 647 2307 οἰκέτην
670 2263 767 2297 Iouis
796 2274 833 2296 se
858 2264 935 2307 ipse
961 2264 1156 2297 Mercurius
1182 2265 1277 2297 dicit.

343 2323 368 2365 2)
395 2323 493 2356 Conf.
519 2324 661 2356 Lucian.
692 2325 793 2367 Iupp.
820 2324 977 2365 tragoed.
1005 2325 1059 2356 26.
1093 2325 1156 2356 ubi
1181 2325 1317 2368 Apollo
1348 2326 1396 2358 ita
1427 2325 1601 2368 loquitur:
1643 2324 1682 2358 Εἰ

208 2383 268 2417 καὶ
293 2386 373 2424 τοῖς
398 2382 498 2424 νέοις
523 2382 578 2417 ἔτι
604 2384 664 2417 καὶ
682 2383 863 2426 ἀγενείοις
879 2384 969 2426 ἡμῖν
995 2383 1126 2426 ἐφεῖτο
1153 2384 1195 2418 ἐκ
1212 2387 1281 2419 τοῦ
1299 2384 1418 2427 νόμου
1437 2384 1681 2428 δημηγορεῖν,

206 2442 300 2485 ἴσως
325 2442 371 2477 ἂν
397 2442 506 2477 εἶπόν
530 2454 565 2477 τι
584 2445 660 2477 κτλ.
685 2443 780 2476 Plut.
804 2454 888 2477 mor.
915 2455 949 2486 p.
966 2444 1033 2485 389
1053 2443 1081 2476 C
1098 2444 1240 2476 Philod.
1261 2444 1306 2477 de
1324 2444 1407 2487 piet.
1433 2455 1467 2487 p.
1486 2444 1528 2477 26
1555 2445 1679 2487 Gomp.

342 2502 372 2548 ³)
397 2503 540 2536 Lucian.
566 2503 589 2535 l.
617 2503 640 2536 1.
668 2511 712 2544 43
745 2504 789 2535 de
816 2502 1006 2546 Apolline:
1045 2502 1129 2537 Ποῦ
1157 2506 1225 2537 νῦν
1250 2504 1271 2537 ὁ
1298 2504 1441 2547 καλὸς
1465 2504 1555 2547 ἡμῖν
1581 2505 1679 2538 κιθα-

207 2563 347 2608 ρῳδός;
374 2564 466 2596 Dial.
492 2568 595 2597 mort.
619 2572 672 2602 10,
699 2571 718 2604 3
745 2562 785 2597 Ὁ
811 2563 922 2613 καλὸς
948 2563 988 2597 δὲ
1014 2563 1127 2605 οὗτος
1150 2563 1206 2605 τίς
1232 2564 1352 2607 ἑστιν;
1380 2563 1678 2607 Χαρμόλεως...

206 2623 227 2657 ὁ
254 2622 471 2667 ἐπέραστος,
498 2623 544 2658 οὗ
569 2623 614 2657 τὸ
639 2621 783 2666 φίλημα
809 2622 1031 2657 διτάλαντον
1057 2623 1114 2666 ἦν.

342 2683 369 2725 4)
395 2683 495 2716 Conf.
526 2683 676 2727 interpp.
721 2683 765 2715 ad
797 2683 981 2726 Aristoph.
1017 2684 1127 2726 Uesp.
1154 2684 1211 2724 98.
1253 2703 1297 2708 —-
1339 2685 1437 2728 Apte
1479 2685 1570 2718 conf.
1605 2685 1677 2729 epi-

206 2753 360 2785 gramma
383 2742 510 2776 Alcaei
533 2745 579 2776 A.
605 2744 644 2776 P.
671 2744 748 2775 XII
775 2751 817 2784 29
844 2743 880 2775 in
905 2754 1070 2787 puerum:

407 2802 642 2846 Πρώταρχος
667 2802 778 2845 καλός
804 2803 883 2837 ἐστι
910 2804 971 2837 καὶ
996 2803 1041 2838 οὐ
1063 2803 1176 2838 θέλει·
1204 2804 1297 2839 ἀλλὰ
1323 2804 1473 2848 θελήσει

406 2861 604 2906 Ὕστερον·
631 2862 654 2907 ἡ
682 2861 714 2898 δ’
742 2862 823 2908 ὥρη
850 2862 1010 2906 λαμπάδ’
1036 2863 1176 2908 ἔχουσα
1200 2864 1332 2910 τρέχει.
