1894 3403
920 327 971 380 78

204 460 354 492 stratus
400 455 502 492 libro
548 454 884 505 heduphagetica
927 455 1123 505 inscripto
1171 455 1362 494 instituit.
1434 454 1584 494 Uersui
1628 455 1683 493 illi

204 522 403 561 simillima
434 523 737 573 compositione
784 528 880 561 sunt
908 523 984 562 inc.
1015 536 1083 563 uu.
1121 533 1239 574 1090,
1278 533 1377 573 1091
1407 523 1441 562 L
1471 522 1538 574 96.
1554 533 1605 574 97
1638 523 1681 562 M

315 591 521 640 pistricem
552 591 746 636 ualidam,
783 592 816 629 si
844 592 997 628 nummi
1029 592 1369 641 suppeditabunt,

318 658 443 694 addas
472 659 725 710 empleuron,
763 659 1020 708 mamphulas
1052 671 1159 708 quae
1190 659 1293 697 sciat
1323 660 1466 699 omnis.

203 720 363 771 Quibus
405 726 593 764 uersibus
625 727 799 765 docetur
840 738 1045 775 quaenam
1091 738 1195 776 opus
1226 727 1305 764 sint
1336 728 1391 764 ad
1422 739 1507 765 rem
1537 728 1681 765 dome·
1727 718 1730 721 Α

202 792 348 829 sticam
384 793 493 830 bene
539 794 855 831 instituendam:
901 794 1172 831 reminiscitur
1203 799 1341 832 autem
1372 795 1553 832 Lucilius
1599 796 1677 832 ista

201 860 301 896 dum
332 860 470 897 scribit
502 861 543 897 ni
575 860 692 898 fallor
723 867 793 899 aut
815 861 936 898 Ennii
962 866 1033 898 aut
1052 861 1304 899 Archestrati
1326 862 1452 910 ipsius
1484 873 1677 899 uersuum
1710 850 1712 853 ¹

201 927 346 965 horum
397 930 661 978 quantumuis
713 930 753 967 in
800 929 967 979 singulis
1019 929 1277 967 diuersorum
1324 942 1390 979 ap.
1441 929 1589 969 Athen.
1621 929 1678 967 III

200 1008 239 1045 p.
277 1006 352 1033 112
387 995 420 1034 C

312 1060 427 1103 ἔστω
450 1062 501 1113 δή
533 1072 606 1104 σοι
636 1061 745 1114 ἀνὴρ
776 1061 920 1106 Φοῖνιξ
952 1062 978 1114 ἢ
1010 1062 1147 1105 Λυδὸς
1178 1063 1224 1105 ἐν
1256 1062 1361 1118 οἴκῳ

315 1129 439 1182 ὅστις
470 1130 718 1182 ἐπιστήμων
749 1130 872 1173 ἔσται
903 1131 1056 1183 σίτοιο7
1087 1129 1177 1173 κατ’
1206 1130 1320 1183 ἦμαρ

313 1198 526 1250 παντοίας
557 1197 678 1250 ἰδέας
709 1198 874 1250 τεύχων
905 1199 965 1250 ὡς
997 1199 1050 1241 ἂν
1080 1199 1137 1240 σὺ
1168 1198 1356 1254 κελεύῃς.

200 1270 394 1306 Animum
439 1270 635 1307 aduertas
681 1270 788 1306 enim
833 1270 1111 1319 mamphulam
1152 1270 1270 1319 panis
1311 1268 1494 1317 Syrz'acz‘1
1544 1282 1675 1319 genus

200 1337 280 1374 dici
311 1349 335 1373 a
366 1335 532 1382 Uerrio;
565 1335 672 1386 Syris
694 1336 909 1374 lecticariis
933 1349 982 1374 ac
1004 1336 1337 1386 Cappadocibus,
1370 1349 1474 1386 quos
1496 1337 1676 1386 optimos

199 1405 376 1453 pistores
405 1404 647 1441 Athenaeus
679 1404 703 1440 l.
734 1404 759 1440 l.
806 1404 1000 1453 appellat,
1044 1404 1266 1441 utebantur
1310 1404 1467 1453 antiqui
1509 1409 1675 1453 propter

199 1472 322 1509 robur
352 1471 547 1508 eximium
578 1470 714 1518 (Mart.
746 1471 805 1508 IX
837 1482 902 1516 22,
929 1483 953 1520 9
985 1470 1041 1508 VI
1065 1481 1127 1520 77,
1150 1482 1176 1518 4
1205 1469 1376 1510 1uu.'V1
1406 1480 1482 1519 351
1511 1470 1676 1511 Petron.

199 1536 286 1589 63).
347 1538 599 1576 Archestrati
628 1538 805 1576 Enniani
851 1539 939 1576 sine
986 1539 1110 1576 dubio
1157 1550 1283 1588 opera
1329 1538 1481 1576 factum
1512 1544 1588 1584 est,
1631 1544 1676 1576 ut

199 1606 370 1656 piscium
411 1611 474 1643 tot
503 1605 670 1643 nomina
702 1617 876 1656 quorum
921 1602 981 1643 ‘in
1013 1605 1189 1644 Graecia
1221 1602 1357 1655 origo’
1401 1604 1534 1654 (Uarr.
1567 1607 1619 1643 de
1651 1606 1674 1645 l.

200 1674 245 1713 L.
277 1674 355 1711 VII
385 1671 457 1724 47)
503 1674 615 1724 apud
643 1673 843 1711 Lucilium
885 1674 1165 1713 inueniantur:
1213 1686 1337 1712 unum
1378 1679 1507 1712 restat
1537 1686 1674 1712 emen-

198 1742 383 1779 dandum
414 1754 479 1791 ap.
512 1740 625 1781 Varr.
654 1742 677 1781 l.
710 1742 733 1781 l.
765 1741 841 1781 inc.
873 1754 911 1781 11.
945 1741 1025 1790 836
1056 1742 1090 1780 L
1120 1752 1142 1791 5
1149 1754 1172 1791 3
1202 1742 1246 1779 M
1275 1742 1343 1779 ubi
1371 1743 1538 1780 codices

601 1821 762 1846 sumere
793 1815 835 1847 et
865 1815 990 1858 atque
1020 1810 1158 1847 amian

197 1876 313 1915 Sume
343 1877 589 1915 uocabulum
620 1877 787 1927 egregie
819 1877 996 1927 positum
1043 1883 1157 1915 esset
1200 1874 1508 1927 (Archestratus
1549 1889 1674 1927 saepe

197 1943 388 1997 λάμβανε
434 1943 539 1996 λαβέ
584 1958 650 1996 ap.
702 1945 852 1985 Athen.
884 1945 981 1983 VIII
1028 1958 1066 1995 p.
1102 1956 1195 1994 311.
1227 1945 1307 1994 328
1333 1945 1364 1983 B
1413 1951 1455 1983 et
1498 1945 1673 1995 passim:

198 2014 502 2064 Enn.heduph.
521 2025 546 2062 4
564 2009 648 2065 V.),
681 2015 758 2051 sed
789 2026 839 2051 ex
871 2018 951 2051 rete
981 2025 1135 2051 nomen
1164 2014 1284 2063 piscis
1316 2014 1462 2051 elicere
1488 2015 1673 2051 nondum

197 2082 388 2131 contigit:
421 2082 561 2131 itaque
590 2086 669 2119 rete
700 2088 866 2120 seruato
898 2082 1031 2120 scribo

307 2179 334 2185 -
353 2176 376 2186 ν
409 2160 524 2186 3110111
555 2154 644 2187 rete
675 2155 801 2199 atque
831 2150 969 2187 amian

193 2217 348 2254 scilicet
378 2217 489 2266 capit
519 2217 586 2254 uel
616 2217 794 2266 capiunt.
857 2217 932 2254 Sus
970 2229 1123 2254 nomen
1162 2217 1285 2265 piscis
1316 2222 1380 2254 est
1410 2217 1524 2254 cuius
1555 2216 1671 2265 origo

192 2290 334 2335 aperte
380 2296 461 2322 uox
491 2284 655 2323 Graeca
692 2281 762 2334 ὗς;
806 2286 861 2322 (10
898 2296 981 2334 quo
1024 2286 1134 2334 pisce
1171 2284 1321 2323 Athen.
1353 2284 1431 2321 V11
1471 2295 1558 2334 cap.
1597 2295 1666 2332 131

191 2354 259 2390 ubi
280 2353 565 2391 Archestratus
594 2350 666 2393 Ἐν
688 2350 723 2392 δ’
749 2350 865 2405 Αἴνῳ
902 2351 971 2392 καὶ
1001 2354 1061 2406 τῷ
1090 2350 1248 2406 Πόντῳ
1281 2351 1362 2401 τὴν
1391 2348 1443 2392 ὗν
1474 2349 1670 2401 ἀγόραζε.

192 2420 315 2461 Ouid.
347 2420 427 2460 hal.
464 2431 539 2469 132
573 2418 755 2472 ‘Lolligo
786 2422 960 2471 durique
993 2418 1121 2459 sues’.
1183 2422 1334 2459 Porcus
1366 2421 1489 2471 piscis
1520 2431 1671 2457 nomen

191 2491 305 2539 apud
336 2489 438 2529 Plin.
456 2490 616 2527 XXXII
652 2501 713 2539 19.
748 2490 813 2538 56.
852 2501 940 2538 150.
1003 2490 1111 2528 Tum
1133 2490 1384 2528 Archestrati
1414 2500 1578 2528 uersum
1604 2501 1669 2538 ap.

190 2557 343 2596 Athen.
375 2556 435 2595 IX
465 2569 503 2606 p.
535 2557 618 2606 384
650 2557 681 2595 B

328 2736 356 2783 ¹)
381 2737 496 2770 Aliud
522 2747 635 2779 genus
668 2736 771 2780 panis
800 2737 934 2781 Syriaci
964 2736 1109 2780 λαχμὰν
1143 2736 1268 2769 dicitur
1307 2735 1487 2769 uocabulo
1526 2735 1670 2779 Syriaco

191 2808 246 2840 ap.
274 2797 410 2831 Athen.
438 2798 495 2829 III
519 2808 552 2840 p.
577 2804 640 2838 113
661 2796 700 2830 C.
720 2815 764 2820 —-·
784 2796 947 2829 Ceterum
975 2807 1113 2840 semper
1139 2797 1214 2828 fere
1234 2798 1357 2839 pistor
1383 2796 1475 2838 apud
1503 2795 1669 2838 antiquos

190 2856 380 2900 scriptores
414 2860 646 2889 memoratur:
685 2865 762 2888 cum
797 2854 854 2887 his
886 2855 1017 2888 Lucilii
1055 2855 1218 2888 uersibus
1257 2855 1352 2888 cons.
1383 2854 1468 2896 Dig.
1492 2854 1670 2886 XXXIII

191 2925 223 2958 7,
254 2925 295 2949 12
322 2913 340 2961 ξ
378 2923 394 2958 5
424 2916 484 2948 ubi
508 2920 746 2948 memorantur
783 2914 971 2948 ‘mulieres
1011 2926 1101 2959 quae
1150 2925 1276 2960 panem
1321 2919 1474 2958 coquant
1510 2923 1669 2957 quaeque

190 2975 313 3008 uillam
342 2974 507 3009 301110111.ἱ
