1894 3403
942 210 991 248 25

281 325 284 328 ’
343 322 388 373 ἐς
417 322 496 373 τὴν
527 321 704 375 ἀγοράν,
735 321 901 373 τοῦψον
930 321 1166 373 πριάμενος
1196 320 1360 372 οἴχεται

340 390 487 442 φέρων
519 389 632 433 ἅπαν
661 390 711 432 τὸ
742 390 919 442 ληφθέν,
950 389 1064 432 ὥστε
1094 389 1282 439 γίγνεται

345 458 391 500 ἐν
421 460 511 510 τοῖς
542 458 748 511 λαχάνοις
777 457 828 500 τὸ
858 458 1010 500 λοιπὸν
1041 456 1138 509 ἡμῖν
1168 456 1194 507 ἡ
1226 456 1349 509 μάχη.

231 552 401 590 quorum
431 540 544 578 initio
577 545 670 578 sunt
689 552 754 578 uu.
786 540 867 577 duo
898 539 1065 589 Turpilii
1093 538 1289 576 Demetrii
1315 551 1380 589 ap.
1411 538 1519 577 Non.
1551 551 1588 588 p.
1622 536 1703 585 488

231 606 371 658 (Ribb.
402 608 446 646 fr.
478 621 581 647 com.
613 609 705 649 Lat.
744 621 783 658 p.
817 605 886 657 75)
918 608 1067 646 seruati
1104 607 1170 658 qui
1209 608 1502 658 respondeant.
1559 606 1704 655 Itaque

229 677 334 714 duos
368 677 582 726 χειμῶνας
627 688 719 714 sese
749 688 873 714 nosse
910 677 1019 714 solos
1054 675 1180 725 Cotys
1218 677 1315 713 dicit
1353 677 1464 726 apud
1493 675 1704 719 Lucilium,

228 737 315 783 non
345 741 549 795 ἀνέμουςε
582 745 695 796 quod
732 750 945 795 utrumque
977 748 1113 781 uentus
1140 744 1380 782 uocabulum
1408 748 1548 793 potest
1578 742 1702 792 signi-

228 814 365 853 ficare:
398 814 559 851 tertium
589 825 718 863 genus
750 813 916 851 omnino
946 825 1030 850 non
1061 813 1248 862 agnoscit
1273 812 1410 850 Thrax
1441 811 1623 849 austellos
1650 822 1703 847 ex

227 879 349 918 nimbo
379 892 481 931 quos
511 881 701 931 appellat.
762 879 856 917 on
885 879 1038 917 nimbus
1066 880 1172 917 bene
1204 892 1247 917 se
1276 880 1418 918 habet:
1450 879 1556 918 conf.
1583 878 1701 916 Lucr.

229 948 289 986 VI
323 948 401 996 256
433 960 540 998 sqq:

338 1027 556 1066 Praeterea
579 1039 784 1078 *persaepe
814 1027 929 1076 niger
959 1038 1120 1077 quoque
1150 1039 1224 1077 per
1253 1039 1362 1064 mare
1391 1025 1545 1064 nimbus

339 1100 384 1132 ut
412 1094 509 1145 picis
541 1106 563 1132 e
594 1095 708 1132 caelo
740 1095 961 1132 demissum
991 1094 1152 1140 flumen,
1184 1094 1224 1132 in
1253 1095 1385 1133 undas

343 1163 399 1201 sic
428 1163 538 1201 cadit
567 1163 730 1201 effertus
762 1163 939 1201 tenebris
969 1163 1106 1212 procul
1136 1168 1178 1200 et
1208 1163 1327 1200 trahit
1358 1168 1488 1201 atram

340 1229 568 1268 fulminibus
599 1231 811 1280 grauidam
843 1236 1133 1280 tempestatem
1167 1236 1288 1279 atque
1332 1230 1518 1281 procellis

337 1298 494 1348 ignibus
522 1310 570 1335 ac
598 1298 720 1335 uentis
748 1310 838 1336 cum
867 1298 1002 1347 primis
1035 1299 1112 1347 (pse
1139 1299 1308 1347 repletus
1338 1328 1346 1337 .
1380 1328 1389 1337 .
1421 1327 1431 1337 .
1464 1311 1501 1336 e.
1525 1309 1562 1346 q.
1594 1309 1626 1336 S.

230 1377 322 1415 Huc
367 1389 496 1426 usque
544 1377 637 1414 licet
676 1378 717 1414 in
760 1378 1095 1427 interpretatione
1143 1378 1300 1414 illorum
1331 1377 1476 1415 Lucilii
1506 1389 1699 1415 uersuum

230 1445 454 1496 pervenire,
485 1444 657 1496 amplius
678 1445 778 1496 quid
794 1445 1024 1496 significent
1052 1446 1128 1483 nisi
1158 1445 1276 1483 nouis
1299 1444 1581 1495 explicationis
1603 1445 1699 1482 sub-

228 1514 340 1551 sidiis
371 1514 539 1563 repertis
570 1514 755 1562 indagari
785 1514 853 1551 uix
885 1514 1047 1563 poterit.
1104 1514 1296 1551 Fortasse
1327 1513 1540 1551 translatio
1571 1514 1651 1550 ista
1667 1511 1697 1562 ¹)

225 1580 279 1617 de
309 1586 447 1617 austro
492 1585 533 1617 et
564 1580 756 1630 aquilone
800 1581 905 1618 inter
949 1592 994 1618 se
1023 1575 1316 1617 reluctantibus
1359 1580 1494 1617 uentis
1526 1591 1576 1616 eo
1608 1591 1700 1629 per-

224 1648 328 1685 tinet
357 1649 470 1698 quod
502 1649 556 1686 de
587 1649 739 1698 duplici
767 1650 890 1698 genio
921 1649 1151 1686 hominibus
1183 1649 1350 1698 singulis
1367 1649 1560 1699 adposito
1591 1653 1700 1686 teste

223 1712 449 1752 Censorino
495 1715 536 1753 d.
581 1711 647 1752 die
692 1720 775 1754 nat.
804 1715 863 1752 III
894 1726 917 1763 3
963 1715 1064 1752 libro
1111 1720 1339 1752 saturarum
1381 1714 1478 1752 XVI
1517 1714 1697 1751 Lucilius

222 1783 325 1832 egit:
371 1795 475 1834 quos
517 1796 613 1821 vero
644 1781 862 1832 σκηπτούς
892 1784 959 1821 unl
991 1781 1297 1833 καταιγισμοὺς
1341 1789 1468 1833 poeta
1513 1784 1600 1821 istis
1647 1795 1699 1820 ex

222 1850 361 1887 nimbo
393 1850 574 1888 austellis
606 1850 852 1900 significarit,
888 1851 1010 1900 plane
1049 1851 1259 1889 incertum.
1317 1850 1375 1888 Ut
1404 1851 1456 1888 ab
1487 1851 1564 1888 hac
1594 1850 1699 1887 hari-

224 1918 405 1955 olatione
435 1919 490 1956 ad
522 1919 669 1956 certius
699 1918 852 1968 aliquid
881 1920 1168 1968 transgrediar,
1206 1919 1404 1957 monitum
1437 1919 1561 1956 uelim
1592 1918 1699 1956 hanc

223 1986 276 2023 de
307 1985 460 2035 duplici
501 1986 624 2035 genio
656 1986 885 2023 doctrinam
916 1986 966 2023 ab
999 1987 1251 2036 Empedocle
1295 1998 1388 2023 esse
1420 1987 1697 2035 excogitatam

361 2180 387 2225 ¹)
413 2183 525 2225 Quam
550 2182 691 2226 quidem
724 2182 987 2215 translationem
1018 2182 1280 2215 usitatissimam
1313 2193 1392 2215 esse
1423 2184 1483 2215 uix
1516 2188 1570 2215 est
1602 2183 1700 2227 quod

221 2252 397 2275 moneam:
425 2242 584 2274 conferas
610 2241 717 2274 uelim
742 2242 846 2275 Hom.
871 2242 890 2273 Ι
921 2249 955 2284 5:

422 2300 475 2342 ὡς
500 2298 533 2335 δ’
558 2300 688 2343 ἄνεμοι
714 2301 782 2335 δύο
808 2301 949 2335 πόντον
975 2300 1144 2344 ὀρίνετον
1170 2300 1368 2343 ἰχθυόεντα

425 2359 565 2403 Βορέης
591 2361 651 2394 καὶ
677 2359 853 2403 Ζέφυρος
876 2360 932 2394 τώ
957 2370 998 2395 τε
1025 2360 1224 2404 Θρῄκηθεν
1250 2361 1370 2403 ἄητον

422 2417 567 2453 ἐλθόντ’
593 2418 767 2462 ἐξαπίνης
793 2446 943 2453 .....

422 2477 474 2520 ὣς
500 2478 668 2514 ἐδαΐζετο
694 2478 810 2521 θυμὸς
835 2478 890 2513 ἐνὶ
916 2478 1117 2522 στήθεσσιν
1138 2479 1309 2522 Ἀχαιῶν.

219 2537 328 2580 Apud
352 2537 499 2580 Antiph.
525 2545 557 2578 3,
588 2544 650 2569 111
679 2537 788 2570 Mein.
815 2537 900 2569 dicit
926 2537 1100 2581 parasitus

621 2597 681 2631 καὶ
706 2598 861 2632 καλοῦσι
888 2595 922 2640 μ’
950 2596 985 2632 οἱ
1009 2597 1190 2641 νεώτεροι

421 2655 481 2689 διὰ
498 2658 619 2690 ταῦτα
643 2655 768 2690 πάντα
787 2655 977 2698 σκηπτόν·
1004 2655 1112 2699 (conf.
1138 2657 1265 2689 Alexis
1293 2665 1326 2697 3,
1354 2657 1436 2699 467)

221 2725 374 2769 Eupolis
404 2734 436 2768 2,
465 2734 533 2769 570
559 2726 668 2761 Mein.
700 2726 914 2760 nebulonem
948 2728 1124 2771 quendam
1149 2733 1252 2760 uocat
1278 2727 1415 2770 ἄνεμος
1440 2728 1500 2762 καὶ
1528 2729 1696 2772 ὄλεθρος

219 2795 323 2827 porro
349 2785 517 2827 σκηπτὸς
542 2785 661 2827 πόθος
697 2785 834 2825 (πόθου
859 2786 1002 2829 Iacobs)
1033 2787 1187 2830 Aspasia
1211 2798 1265 2829 ap.
1292 2787 1424 2820 Athen.
1450 2788 1484 2819 V
1510 2799 1544 2830 p.
1572 2795 1640 2827 219
1666 2789 1698 2819 E

221 2841 333 2888 (conf.
359 2844 453 2878 Plut.
483 2850 626 2879 amator.
656 2845 698 2878 16
724 2855 809 2879 mor.
830 2856 864 2889 p.
893 2853 960 2889 759
987 2844 1034 2891 F)
1060 2851 1095 2879 et
1122 2846 1249 2879 similia
1275 2846 1416 2891 passim.
1436 2865 1478 2871 -
