1894 3403
910 274 960 310 24

189 390 316 427 modo
348 385 409 438 (ut
442 389 587 437 aliquis
618 388 781 437 placere
801 383 1075 439 ostendimus)
1107 389 1284 426 tonitrua
1303 394 1346 425 et
1362 388 1517 437 fulgura
1533 390 1673 426 edunt.

188 457 346 494 Maiore
386 467 485 493 uero
516 455 629 493 inlati
652 456 837 505 pondere
881 455 1124 507 incursuque
1155 456 1188 494 si
1227 456 1310 494 late
1350 456 1508 494 siccam*
1528 468 1674 507 rupere

189 525 341 561 nubem
370 523 590 573 procellam
619 524 793 573 gignunt
828 533 933 572 quae
968 529 1138 561 uocatur
1166 537 1191 561 a
1222 522 1391 561 Graecis
1421 520 1674 573 ecnephias’.

189 591 282 629 Sen.
315 596 398 629 nat.
429 595 588 640 quaest.
606 589 645 626 V
676 600 721 627 12
752 586 763 601 ‘
783 590 884 628 Sunt
905 592 1111 640 quaedam
1136 602 1289 640 genera
1307 596 1534 636 uentorum,
1567 603 1673 642 quae

188 664 333 708 ruptae
351 658 482 696 nubes
511 663 554 695 et
584 658 625 696 in
645 671 818 709 pronum
847 658 1006 696 solutae
1024 660 1235 699 emittunt:
1266 658 1342 697 hos
1360 658 1508 697 Graeci
1522 664 1672 697 uentos

189 727 412 777 ecnephias
442 722 618 764 uocant‘
649 739 685 766 e.
718 739 756 776 q.
787 738 817 765 S.
878 726 1106 776 Aquilones
1137 727 1363 776 ecnephiae
1384 740 1473 765 cum
1503 728 1571 765 uix
1601 739 1674 765 ex-

189 795 335 833 sistant
366 800 473 832 teste
507 794 672 832 Aristot.
703 793 916 832 meteorol.
948 805 974 841 γ
1003 806 1043 843 p.
1076 802 1236 843 37123,
1268 806 1391 844 quem
1419 795 1542 832 uertit
1572 793 1673 835 Plin.

184 862 221 900 II
259 872 348 910 133,
381 868 632 901 memoratur
665 859 869 912 ἐκνεφίας
899 859 1030 913 νότος
1063 862 1187 902 Diod.
1220 862 1298 900 XX
1329 862 1396 903 88.
1457 862 1673 901 Postremo

185 931 293 967 bene
325 936 521 979 recteque
551 930 651 968 dicit
669 930 842 967 Lucilius
867 927 1208 979 ὑποκοριστικῶς
1241 930 1332 967 istos
1362 941 1415 967 ex
1445 929 1571 967 nimbo
1602 942 1674 967 au-

182 998 329 1043 stellos,
378 1004 523 1036 contra
553 1001 729 1035 austrum
771 1003 893 1047 atque
938 998 1191 1048 aquilonem;
1242 995 1420 1047 μεγάλοι
1469 996 1546 1047 μὲν
1573 995 1674 1047 -γὰρ

159 1093 161 1095 ψ
185 1061 316 1115 ἄμφω
349 1063 419 1105 καὶ
447 1066 657 1106 πλεῖστον
688 1063 852 1116 χρόνον
881 1063 1064 1106 πνέουσι
1095 1065 1321 1116 (Theophr.
1357 1066 1413 1103 de
1442 1071 1554 1104 uent.
1583 1065 1604 1103 Ι
1630 1061 1673 1116 2)

185 1133 338 1172 boreas
370 1140 411 1171 et
442 1122 583 1172 notus:
617 1140 660 1172 at
689 1134 743 1172 de
774 1134 973 1184 ecnephia
1009 1134 1167 1172 Seneca
1204 1134 1228 1174 l.
1261 1134 1284 1174 1.
1322 1130 1415 1172 ‘His
1454 1133 1673 1171 interuallis

185 1202 319 1239 tenuis
350 1202 569 1240 includitur
596 1202 769 1253 spiritus,
809 1203 875 1252 qui
912 1203 1042 1241 maius
1085 1202 1293 1240 desiderat
1331 1203 1507 1252 spatium
1538 1232 1547 1241 .
1580 1231 1589 1241 .
1621 1231 1630 1240 .
1663 1232 1673 1241 .

188 1270 422 1319 scinditque
452 1270 660 1320 cingentia
691 1276 733 1308 et
752 1270 925 1319 erumpit
953 1270 994 1307 in
1013 1275 1194 1315 uentum,
1227 1270 1294 1320 qui
1316 1269 1401 1307 fere
1423 1269 1673 1320 procellosus

185 1343 263 1381 est,
296 1338 389 1387 quia
421 1349 597 1387 superne
628 1339 856 1375 demittitur
885 1343 926 1374 et
958 1337 999 1374 in
1030 1349 1107 1375 nos
1123 1338 1235 1375 cadit
1249 1337 1475 1375 uehemens
1506 1342 1549 1375 et
1565 1348 1673 1391 acer,

185 1406 299 1455 quod
323 1417 407 1442 non
440 1405 551 1444 fusus
581 1417 717 1456 neque
745 1418 819 1456 per
848 1410 1034 1455 apertum
1063 1405 1190 1450 uenit,
1232 1406 1307 1443 sed
1336 1405 1495 1443 laborat
1527 1410 1569 1443 et
1598 1405 1676 1444 iter

185 1473 260 1510 sibi
290 1473 330 1510 ui
361 1485 410 1510 ac
441 1485 579 1522 pugna
610 1479 739 1522 parat.
799 1473 877 1510 Hic
917 1473 1002 1510 fere
1039 1472 1171 1509 breuis
1191 1473 1320 1522 flatus
1356 1479 1421 1510 est
1455 1501 1464 1510 .
1496 1503 1504 1512 .
1536 1502 1545 1512 .
1578 1502 1587 1511 .
1619 1472 1675 1512 Hi

184 1540 298 1578 uenti
340 1541 467 1579 multo
508 1541 686 1580 maiores
726 1541 1079 1592 diuturnioresque
1126 1547 1231 1586 sunt,
1282 1541 1314 1579 si
1361 1541 1461 1579 alios
1508 1553 1670 1591 quoque

183 1609 302 1646 flatus
350 1621 403 1645 ex
449 1609 598 1646 eadem
651 1621 776 1646 causa
836 1609 1009 1646 fluentes
1060 1610 1102 1646 in
1149 1621 1194 1646 se
1247 1609 1497 1646 abstulerunt
1540 1614 1582 1645 et
1629 1609 1671 1645 in

183 1688 308 1713 unum
350 1675 583 1714 confluxere
627 1672 780 1726 plures’
826 1688 860 1714 e.
893 1688 933 1727 q.
963 1688 995 1715 s.
1073 1675 1187 1715 Conf
1240 1676 1396 1718 Arrian.
1445 1689 1508 1727 ap.
1554 1675 1668 1717 Stob.

184 1746 304 1793 eclog
340 1745 456 1793 phys.
489 1745 509 1781 I
540 1757 579 1793 p.
614 1743 694 1781 602
728 1776 736 1783 .
772 1775 779 1782 .
813 1774 821 1783 .
852 1742 900 1784 ἐν
929 1743 1054 1793 νέφει
1082 1743 1129 1783 δὲ
1160 1741 1491 1793 ἀποληφθέντες
1523 1741 1670 1784 ἔπειτα

184 1809 420 1863 ῥηγνύντες
453 1808 522 1865 βίᾳ
551 1809 601 1852 τὸ
630 1809 768 1863 νέφος
792 1809 977 1863 βροντὰς
1007 1824 1053 1853 τε
1085 1809 1155 1853 καὶ
1171 1808 1403 1864 ἀστραπὰς
1436 1810 1667 1864 ἐξέφηναν.

182 1878 489 1929 Ἐκπίπτοντες
521 1881 558 1919 δ’
590 1878 660 1919 ἐπὶ
691 1878 799 1929 μέγα
830 1878 1031 1929 διάπυροι
1063 1879 1151 1930 μέν,
1188 1879 1406 1930 κεραυνοί·
1437 1877 1590 1930 ἄθροοι
1620 1879 1669 1920 δὲ

181 1945 251 1988 καὶ
279 1944 492 1997 ἡμίπυροι,
524 1948 793 1997 πρηστῆρες·
825 1944 926 1988 ὅσοι
958 1945 994 1987 δ’
1026 1944 1175 1998 ἔρημοι
1195 1945 1345 1998 πυρός,
1376 1947 1595 1998 τυφῶνες·
1628 1944 1669 1989 ol

182 2015 230 2055 δὲ
260 2014 321 2055 ἔτι
352 2013 580 2065 ἀνειμένοι,
618 2013 821 2065 ἑκνεφίαι.
881 2016 1024 2053 Ioann.
1066 2016 1167 2065 Lyd.
1201 2017 1255 2053 de
1291 2028 1422 2055 mens,
1453 2016 1513 2053 IV
1544 2016 1597 2065 76
1627 2013 1668 2056 οἱ

181 2080 269 2122 ἀπὸ
287 2079 478 2132 μεγάλης
510 2079 649 2132 ἀρχῆς
681 2079 856 2132 ῥέοντες
887 2079 1036 2132 ἄνεμοι
1068 2079 1130 2132 εἰς
1151 2080 1320 2124 δώδεκα
1350 2080 1454 2133 μέρη
1486 2082 1564 2123 τοῦ
1584 2080 1670 2134 ὁρί-

180 2152 333 2200 ζοντος
373 2150 637 2200 διαιροῦνται
667 2183 674 2190 .
707 2183 715 2191 .
748 2182 756 2190 .
787 2150 873 2191 τῶν
910 2150 959 2191 δὲ
995 2148 1083 2191 ἀπὸ
1121 2148 1312 2201 μεγάλης
1353 2148 1489 2202 ἀρχῆς
1527 2148 1553 2191 ὁ
1592 2150 1669 2201 μὲν

181 2216 255 2259 ἀπ’
287 2216 437 2269 ὀλίγης
487 2218 632 2269 φορᾶς
663 2216 830 2269 νέφους
862 2217 1065 2269 ἐκνεφίας
1107 2219 1194 2259 κτλ.
1255 2218 1449 2258 Ceterum
1494 2220 1669 2259 Lucilius

181 2300 266 2324 non
298 2288 406 2325 solus
438 2288 550 2337 apud
569 2287 796 2329 Romanos,
815 2288 1047 2336 composuit
1077 2294 1259 2326 austrum
1290 2293 1414 2337 atque
1435 2288 1667 2338 aquilonem

182 2365 274 2390 cum
305 2353 517 2402 ecnephia,
550 2353 626 2390 sed
656 2354 805 2390 eodem
837 2353 921 2391 fere
953 2359 1138 2403 tempore
1172 2354 1210 2393 S.
1228 2354 1430 2403 Turpilius
1461 2354 1501 2391 in
1518 2353 1668 2392 Deme-

180 2421 257 2458 trio
288 2421 467 2470 palliata,
498 2432 621 2471 quam
652 2432 703 2457 ex
719 2420 901 2458 Alexidis
918 2420 1131 2459 Demetrio
1163 2433 1237 2459 seu
1261 2421 1492 2459 Philetaero
1525 2422 1667 2460 uertit:

181 2488 288 2528 conf.
322 2489 438 2527 Alex.
470 2488 670 2527 Demetrii
698 2500 838 2526 uersus
870 2501 934 2538 ap.
968 2489 1116 2527 Athen.
1150 2489 1247 2527 VIII
1277 2502 1315 2539 p.
1347 2487 1428 2537 338
1459 2488 1497 2525 D
1529 2485 1666 2538 (Mein.

180 2569 284 2596 com.
319 2556 390 2595 Gr.
424 2567 462 2605 3,
496 2553 620 2605 403):

225 2627 227 2630 ’
289 2621 518 2674 Πρότερον
548 2622 625 2673 μὲν
656 2621 692 2664 εἰ
723 2621 922 2664 πνεύσειε
954 2624 1149 2675 βορρᾶς
1179 2621 1205 2674 ἢ
1236 2622 1396 2675 νότος

294 2690 341 2732 ἐν
372 2694 423 2744 τῇ
456 2689 646 2744 θαλάττῃ
676 2690 885 2741 λαμπρός,
916 2690 1037 2742 ἰχθῦς
1066 2691 1146 2733 οὐκ
1177 2690 1230 2732 ἂν
1261 2689 1315 2741 ἦν

291 2756 439 2797 οὐδενὶ
469 2758 650 2808 φαγεῖν·
681 2756 775 2798 νυνὶ
806 2757 854 2797 δὲ
883 2756 994 2808 πρὸς
1023 2759 1115 2808 τοῖς
1135 2756 1377 2808 πνεύμασιν

290 2823 461 2875 τούτοις
492 2823 696 2876 Φάϋλλος
726 2825 999 2876 προσγέγονε
1030 2825 1221 2876 χειμὼν
1253 2824 1440 2876 τρίτος.

292 2891 399 2934 ἐπὰν
429 2891 512 2944 γὰρ
542 2892 804 2946 ἐκνεφίας
836 2892 1089 2945 καταιγίσας
1125 2892 1231 2948 τύχῃ
