1894 3403
922 297 976 348 48

207 421 338 475 μένην
370 422 513 477 (Mein.
544 436 583 473 4,
621 424 727 477 134),
759 430 872 464 cuius
902 431 1069 465 exstant
1098 426 1211 478 apud
1241 425 1355 466 Stob.
1388 425 1504 467 floril.
1541 425 1629 473 106,
1662 424 1686 464 8

206 492 246 530 hi
276 503 364 532 uu.:

320 557 372 600 Εἴ
400 572 466 611 τις
496 558 755 611 προσελθών
785 572 855 612 μοι
885 560 996 602 θεῶν
1027 560 1163 611 λέγοις
1195 558 1387 613 “Κράτων

318 626 428 669 ἑπὰν
459 625 697 682 ἀποθάνῃς,
729 626 852 680 αὖθις
883 627 927 671 ἐξ
959 626 1097 681 ἀρχῆς
1128 628 1241 671 ἔσει·

319 693 411 737 ἔσει
442 697 479 737 δ’
511 693 578 737 ὅτι
609 694 663 738 ἂν
694 695 838 751 βούλῃ,
869 694 1018 749 κύων,
1050 695 1330 750 πρόβατον,
1361 695 1568 750 τράγος,

320 761 561 815 ἄνθρωπος,
591 762 747 815 ἵππος·
779 762 845 815 δὶς
876 764 1024 815 βιῶναι
1053 763 1136 816 γάρ
1167 774 1220 807 σε
1251 767 1331 807 δεῖ·

236 844 259 882 5
320 830 579 883 εἱμαρμένον
613 830 727 872 τοῦτ’
761 831 890 883 ἐστίν,
921 830 987 873 ὅτι
1018 831 1160 883 βούλει
1191 830 1239 884 δ’,
1270 831 1414 875 ἑλοῦ’·

319 898 501 941 ἅπαντα,
523 900 698 951 μᾶλλον,
730 898 856 950 εὐθὺς
887 897 1019 941 εἰπεῖν
1051 899 1104 941 ἂν
1135 901 1262 952 δοκῶ,

316 966 428 1009 ποίει
459 980 522 1019 με,
552 966 665 1018 πλὴν
697 965 950 1019 ἄνθρωπον·
981 965 1141 1019 ἀδίκως
1174 966 1341 1020 εὐτυχεῖ

319 1037 461 1087 κακῶς
491 1048 538 1077 τε
568 1034 746 1087 πράττει
777 1036 907 1078 τοῦτο
938 1035 989 1078 τὸ
1019 1038 1131 1091 ζῷον
1163 1035 1298 1088 μόνον
1329 1071 1336 1079 .
1370 1071 1378 1079 .
1411 1071 1419 1079 .

207 1104 370 1143 Clamat
399 1116 523 1155 porro
554 1116 683 1142 senex
713 1111 871 1155 quanto
901 1106 1070 1143 meliore
1103 1107 1349 1144 condicione
1371 1113 1510 1145 utatur
1538 1107 1579 1144 in
1600 1108 1685 1145 uita

206 1185 337 1223 equus
369 1173 484 1211 canis
515 1172 645 1222 gallus
676 1172 809 1211 bonus
842 1185 966 1223 quam
997 1173 1121 1212 homo
1152 1174 1303 1214 bonus:
1336 1175 1435 1213 dein
1464 1174 1613 1225 pergit:

212 1240 259 1277 16
317 1237 494 1290 πράττει
525 1236 561 1279 δ’
594 1236 619 1278 6
650 1237 783 1280 κόλαξ
814 1236 970 1289 ἄριστα
1002 1237 1188 1290 πάντων,
1220 1239 1401 1292 δεύτερα

318 1305 343 1347 6
374 1304 670 1357 συκοφάντης,
702 1303 726 1346 ὁ
757 1304 977 1357 κακοήθης
1008 1305 1129 1357 τρίτα
1159 1305 1284 1356 λέγει.

319 1371 449 1415 ὄνον
478 1372 723 1423 γενέσθαι
751 1374 996 1424 κρεῖττζον
1025 1372 1051 1422 ἢ
1082 1373 1185 1424 τοὺς
1216 1373 1417 1426 χείρονας

320 1440 429 1493 ὁρᾶν
458 1440 616 1483 ἑαυτοῦ
645 1442 810 1491 ζῶντας
842 1439 1197 1493 ἐπιφανέστερον.

206 1511 349 1550 Hosce
366 1523 434 1551 uu.
453 1510 698 1549 obuersatos
715 1521 809 1548 esse
832 1510 989 1548 Lucilio
1007 1510 1134 1548 uerba
1150 1510 1219 1548 illa
1249 1510 1442 1549 scribenti
1471 1523 1594 1550 nemo
1613 1523 1684 1549 ne·

209 1579 348 1628 gabit:
379 1579 495 1617 locus
527 1579 636 1617 enim
658 1584 770 1616 totus
791 1579 961 1627 insignis
990 1584 1054 1616 est
1068 1578 1322 1628 multumque
1343 1578 1535 1618 laudatus
1557 1577 1683 1629 (conf.

208 1647 333 1687 Mein.
370 1646 424 1685 ad
453 1646 520 1686 hh.
540 1643 628 1696 uu.)
659 1644 825 1696 Operae
849 1645 1025 1695 pretium
1041 1645 1206 1683 uidetur
1228 1646 1371 1683 afferre
1396 1645 1501 1686 Plut.
1524 1653 1683 1697 quaest.

211 1717 375 1755 conuiu.
406 1715 465 1752 IX
500 1725 537 1763 5,
566 1725 604 1752 1:
638 1711 756 1767 αὐτῷ
787 1712 835 1754 δὲ
865 1711 1160 1764 παρίστασθαι
1190 1710 1396 1764 πολλάκις
1426 1712 1495 1755 καὶ
1524 1712 1578 1755 τὰ
1607 1715 1685 1755 τοῦ

210 1783 397 1834 κωμικοῦ
426 1780 660 1833 γέροντοςε
707 1778 812 1823 ὄνον
847 1779 1050 1830 γενέσθαι
1080 1781 1273 1832 κρεῖττον
1303 1781 1389 1822 κτλ.
1421 1814 1429 1823 .
1459 1815 1467 1823 .
1499 1815 1507 1823 .
1555 1780 1630 1823 Καὶ
1660 1780 1684 1823 6

210 1851 387 1901 Σῶσπις
415 1848 626 1900 γελάσας;
674 1847 806 1890 Ἀλλὰ
837 1847 920 1899 ἕως
951 1848 1162 1900 μέλλομεν
1192 1848 1420 1891 ἐνδύεσθαι
1450 1848 1500 1890 τὸ
1530 1849 1684 1900 κανθή-

206 1919 301 1961 λιον
331 1917 464 1970 κτλ.Ῑ)
509 1919 804 1970 Fragmentum
843 1918 1025 1969 denique
1062 1918 1236 1968 primum
1275 1923 1321 1955 ut
1353 1918 1567 1968 intellegas
1599 1931 1682 1969 quo

205 1989 334 2027 modo
365 1988 620 2026 intellectum
651 1986 861 2032 noluerim,
893 1986 1001 2026 conf.
1028 1986 1127 2026 Hor.
1158 1992 1234 2027 sat.
1263 1986 1282 2024 I
1317 1997 1351 2032 1,
1388 1996 1435 2034 15

609 2054 650 2093 Si
681 2055 771 2105 quis
805 2055 909 2092 deus
942 2051 1021 2091 ‘en
1055 2051 1170 2104 ego',
1202 2055 1326 2100 dicat,

319 2126 401 2163 iam
431 2124 592 2169 faciam,
624 2123 740 2173 quod
765 2122 907 2160 uultis:
939 2123 1017 2161 eris
1049 2128 1106 2169 tu,
1137 2123 1206 2173 qui
1234 2122 1361 2160 modo
1391 2122 1518 2168 miles,

319 2198 541 2241 mercator;
571 2197 616 2229 tu
649 2191 862 2229 consultus
891 2191 1031 2236 modo,
1063 2191 1259 2229 rusticus:
1292 2191 1387 2228 hinc
1416 2202 1505 2236 uos,

319 2273 395 2299 uos
424 2260 518 2298 hinc
548 2260 715 2297 mutatis
747 2259 951 2296 discedite
981 2259 1177 2308 partibus,
1209 2255 1304 2297 Eia!

318 2328 420 2378 quid
450 2324 597 2366 statis?
629 2349 681 2355 —
712 2326 863 2365 Nolint.
923 2327 1051 2375 Atqui
1079 2327 1173 2364 licet
1206 2338 1298 2363 esse
1328 2326 1475 2365 beatis.

341 2532 366 2574 ¹)
393 2531 496 2565 Conf.
521 2535 705 2574 praeterea
730 2528 929 2561 Menander
953 2528 1048 2560 idem
1073 2529 1119 2571 (4,
1140 2535 1208 2569 230
1233 2528 1375 2570 Mein.):

472 2590 645 2625 ‘'Anavw
669 2588 717 2623 τὰ
742 2588 807 2633 ζῷ’
834 2587 913 2622 ἔστι
940 2588 1205 2631 μακαριώτερα

472 2651 533 2685 καὶ
558 2651 651 2685 νοῦν
677 2648 813 2691 ἔχοντα
839 2649 980 2691 μᾶλλον
1006 2647 1211 2692 ἀνθρώπου
1236 2647 1345 2683 πόλυ.

472 2709 555 2745 τὸν
580 2710 689 2744 ὄνον
714 2709 808 2752 ὁρᾶν
833 2708 952 2743 ἔξεστι
978 2710 1135 2751 πρῶτον
1159 2707 1321 2743 τουτονί.

472 2768 586 2811 οὗτος
611 2766 854 2811 κακοδαίμων
880 2767 983 2802 ἐστὶν
1008 2765 1323 2810 ὁμολογουμένως
1348 2765 1424 2800 κτλ.

205 2836 239 2864 et
263 2830 416 2864 Philem.
443 2839 478 2872 4,
503 2830 548 2872 36
574 2829 684 2862 Mein.

470 2888 521 2924 Ὦ
545 2887 798 2933 τρισμακάρια
823 2887 949 2923 πάντα
974 2888 1035 2922 καὶ
1060 2885 1264 2931 τρισόλβια,

469 2949 517 2984 τὰ
540 2947 649 2993 θηρί’,
678 2946 736 2990 οἷς
764 2947 834 2982 οὐκ
861 2947 941 2982 ἔστι
965 2947 1049 2990 περὶ
1074 2946 1225 2981 τούτων
1250 2944 1362 2987 λόγος
1387 2945 1463 2979 κτλ.
