1894 3403
913 292 964 342 38

196 421 320 470 bigua
366 426 407 458 et
453 420 613 458 incerta
643 426 799 469 agatur.
861 420 1054 468 Magnam
1092 419 1322 457 doctrinam
1352 418 1497 457 Lucilii
1540 419 1676 457 multis

197 489 295 526 locis
328 488 422 525 licet
451 488 605 525 mirari:
639 494 778 526 tamen
807 488 930 525 etiam
961 499 1143 524 amorem
1165 486 1423 534 Xenocratis,
1456 487 1524 535 qui
1554 488 1679 523 lrzlrlz's

200 569 246 593 ac
264 568 421 593 seuerus
441 555 698 605 philosophus
727 556 888 594 dicatur
920 553 1099 592 XXVIII
1114 567 1152 593 u.
1170 553 1251 602 684
1271 554 1305 591 L
1341 564 1387 591 12
1406 553 1450 591 M
1480 566 1578 603 erga
1599 553 1678 591 Po-

196 625 401 662 lemonem
439 624 685 673 discipulum
727 624 840 674 tangi
870 635 907 663 u.
939 622 1019 670 685
1051 623 1084 660 L
1121 633 1166 670 13
1198 622 1256 670 M,
1302 634 1396 659 cum
1426 634 1530 659 unus
1573 622 1678 660 haec

196 692 334 730 tradat
363 691 595 741 Aristippus
627 693 742 741 apud
774 692 909 730 Laert.
941 690 999 727 IV
1035 701 1104 739 lq:
1143 686 1216 739 Ὡς
1246 687 1369 742 ἐῴκει
1400 687 1451 738 δὴ
1483 687 1508 729 ὁ
1541 687 1677 729 Πολέ-

197 771 286 809 μων
324 756 433 799 κατὰ
473 756 616 799 πάντα
657 757 857 808 ἐζηλώκει
887 756 963 798 τὸν
992 754 1290 807 Ξενοκράτην·
1332 755 1401 797 καὶ
1442 755 1678 807 ἐρασθῆναι

197 825 331 867 αὐτοῦ
363 835 499 878 φησιν
530 824 814 877 Ἀρίστιππος
855 825 901 867 ἐν
938 823 1129 878 τετάρτῳ
1165 823 1262 875 περὶ
1292 824 1481 875 παλαιᾶς
1511 825 1677 875 τρυφῆς

197 918 248 922 -
279 908 363 933 non
394 895 636 946 sumpserim
678 907 771 934 eum
801 895 1028 934 editoribus
1061 894 1145 932 fere
1177 894 1366 932 omnibus
1380 891 1425 945 ¹),
1470 893 1567 944 quia
1608 905 1677 932 co-

196 964 311 1001 dices
343 964 458 1012 quod
488 963 662 1000 habent:

312 1030 510 1069 Polemon
540 1036 582 1069 et
618 1030 785 1075 amauit,
816 1036 947 1069 morte
978 1028 1097 1079 (corr.
1132 1029 1298 1069 Lachm.
1331 1029 1454 1069 codd.
1485 1025 1676 1079 mortem)

1078 1097 1172 1134 huic
1204 1097 1426 1134 transmisit
1447 1109 1564 1134 suam

309 1165 478 1203 scholen
508 1177 632 1215 quam
662 1165 806 1203 dicunt

197 1239 310 1270 recte
342 1245 386 1270 se
417 1233 545 1270 habet
560 1244 626 1270 me
649 1233 796 1271 iudice.
828 1233 1086 1282 Scripserunt
1106 1232 1214 1269 enim
1234 1232 1417 1270 editores
1440 1232 1676 1269 Polemonem

196 1301 351 1337 amauit
377 1301 535 1338 scilicet
564 1300 836 1345 Xenocrates,
867 1305 1078 1338 sumentes
1109 1300 1224 1349 quod
1254 1312 1306 1337 ne
1327 1300 1556 1350 Aristippus
1587 1300 1674 1349 qui-

196 1369 291 1406 dem
323 1368 544 1406 tradidisse
575 1368 750 1413 uidetur,
783 1380 919 1418 neque
954 1374 1000 1406 ut
1026 1373 1114 1405 erat
1143 1364 1294 1406 ‘tristis
1327 1380 1377 1406 ac
1398 1380 1567 1406 seuerus
1587 1368 1675 1418 phi-

196 1436 394 1485 losophus
408 1434 454 1484 2),
495 1436 616 1473 rebus
660 1436 849 1473 uenereis
884 1435 1170 1473 infestissimus
1203 1431 1361 1486 (Laert.
1392 1436 1417 1474 l.
1448 1437 1471 1474 l.
1506 1439 1549 1484 7)
1594 1436 1676 1474 ulla

197 1503 355 1541 ratione
376 1504 539 1553 probari
569 1508 718 1553 potest.
752 1503 897 1552 Itaque
934 1502 1068 1552 agitur
1098 1502 1159 1540 his
1180 1514 1248 1542 uu.
1280 1504 1333 1540 de
1371 1501 1538 1541 Cratete
1568 1504 1675 1542 Aca-

198 1572 360 1609 demico
373 1569 405 1619 ³)
427 1583 670 1609 successore
688 1571 935 1616 Polemonis,
961 1572 1029 1620 qui
1060 1576 1230 1608 auctore
1250 1572 1461 1620 Antigono
1489 1571 1675 1621 Carystio

195 1638 355 1687 (Laert.
388 1638 411 1677 l.
443 1637 465 1676 1.
500 1634 569 1687 22)
599 1648 692 1675 eum
723 1638 888 1683 amauit,
920 1643 1044 1687 atque
1075 1638 1351 1687 praecessisse
1382 1638 1577 1676 uidentur
1597 1638 1677 1676 hoc

197 1706 473 1755 fragmentum
489 1705 576 1743 fere
592 1704 715 1744 haec:
755 1705 887 1742 docuit
904 1703 1053 1743 Cratem
1076 1704 1274 1743 Polemon
1294 1711 1337 1743 et
1354 1707 1508 1745 amauit
1525 1718 1560 1747 e.
1583 1719 1619 1756 q.
1643 1719 1673 1747 S.

196 1773 316 1810 Conf.
338 1774 515 1811 Laert.l.
534 1773 557 1811 l.
592 1783 638 1809 21
677 1770 842 1822 Κράτης
864 1770 1029 1821 πατρὸς
1062 1771 1137 1821 μὲν
1167 1770 1220 1821 ἦν
1235 1770 1519 1823 Ἀντιγένους,
1551 1772 1676 1823 Θριά-

194 1850 292 1892 σιος
332 1840 379 1881 δὲ
409 1838 486 1881 τὸν
516 1840 653 1891 δῆμον
694 1839 763 1881 καὶ
793 1837 1010 1891 ἀκροατὴς
1054 1838 1141 1891 ἅμα
1182 1839 1251 1881 καὶ
1290 1839 1508 1893 ἐρώμενος
1538 1840 1676 1883 Πολέ-

196 1920 349 1958 μωνος.
419 1906 546 1947 Ἀλλὰ
583 1907 652 1947 καὶ
689 1907 908 1949 διεδέξατο
956 1907 1033 1956 τὴν
1071 1907 1238 1957 σχολὴν
1284 1907 1430 1948 αὐτοῦ.
1499 1910 1675 1947 Cratetis

195 1975 336 2026 Cynici
375 1976 560 2013 meminit
590 1976 769 2014 Lucilius
808 1976 908 2013 libro
937 1975 1093 2013 XXVII
1131 1988 1169 2013 u.
1204 1975 1283 2024 652
1317 1976 1349 2014 L
1384 1987 1432 2014 22
1466 1976 1507 2015 M
1553 1990 1675 2027 quem

196 2044 438 2082 Lachmann
469 2045 730 2083 emendauit:
762 2042 902 2094 (codd.
932 2045 1041 2081 enim
1072 2057 1125 2081 an
1155 2045 1404 2094 pereiciam.
1436 2075 1443 2084 .
1479 2075 1487 2084 .
1519 2042 1675 2097 amare)

732 2123 812 2161 ego
842 2112 1019 2149 animam
1048 2112 1245 2161 proiciam

310 2184 353 2215 ut
386 2190 451 2215 me
482 2190 620 2216 amore
653 2177 897 2228 expediam?

192 2246 268 2283 Est
306 2245 416 2282 enim
455 2245 632 2283 Cratetis
675 2246 831 2283 dictum
872 2248 1111 2297 saepissime
1151 2247 1363 2284 laudatum
1402 2247 1453 2284 ab
1495 2246 1672 2295 antiquis

194 2313 459 2363 scriptoribus
490 2319 533 2351 et
562 2314 768 2363 prouerbii
799 2314 891 2352 loco
923 2320 1189 2365 usurpatum:

332 2452 359 2497 ¹)
385 2453 441 2486 Sic
474 2453 577 2485 etiam
604 2453 842 2486 Wilamowitz
881 2455 925 2487 de
956 2455 1136 2496 Antigono
1171 2454 1329 2498 Carystio
1355 2453 1502 2498 (Philol.
1530 2454 1675 2488 Unters.

192 2512 262 2556 IV)
289 2523 322 2556 p·
351 2520 406 2555 49-

330 2571 356 2612 ²)
381 2571 559 2604 Uidentur
583 2571 672 2603 haec
699 2572 819 2611 uerba,
854 2583 1054 2615 quanquam
1086 2573 1130 2605 ad
1156 2572 1286 2605 multos
1313 2577 1461 2614 possunt
1486 2572 1673 2614 pertinere,

192 2630 237 2662 de
263 2631 468 2662 Xenocrate
494 2640 574 2662 esse
600 2630 708 2663 dicta:
737 2631 828 2664 cons.
854 2632 971 2664 Laert.
998 2631 1023 2665 1.
1048 2631 1072 2664 l.
1100 2632 1140 2670 6;
1187 2630 1328 2673 Σεμνὸς
1357 2630 1398 2665 δὲ
1431 2630 1479 2664 τά
1516 2640 1557 2665 τε
1583 2630 1677 2665 ἄλλα

192 2689 432 2733 Ξενοκράτης
458 2690 518 2723 καὶ
545 2689 771 2733 σκυθρωπὸς
797 2690 853 2724 ἀεὶ
885 2693 960 2725 κτλ.
1011 2692 1125 2723 Locos
1152 2691 1240 2723 istos
1267 2701 1355 2733 quos
1388 2690 1488 2723 attuli
1515 2690 1578 2723 etsi
1603 2702 1673 2723 non

192 2749 352 2781 laudauit
377 2753 495 2781 tamen
522 2749 719 2792 respexisse
746 2750 888 2782 uidetur
914 2751 955 2783 L.
983 2751 1028 2782 ad
1054 2751 1156 2784 Lucr.
1183 2761 1217 2793 p.
1249 2758 1323 2792 170.

328 2807 358 2854 ³)
384 2809 491 2842 Cuius
518 2820 645 2842 nomen
663 2815 701 2842 ut
728 2820 770 2842 ex
786 2809 963 2843 Gerlachii
989 2810 1141 2843 editione
1171 2810 1240 2842 iam
1258 2810 1375 2850 uideo,
1406 2810 1475 2843 duo
1493 2810 1560 2842 uiri
1578 2810 1673 2843 docti

192 2868 275 2900 huic
300 2879 333 2902 u.
360 2868 550 2901 infeliciter
577 2869 691 2901 conati
718 2874 799 2901 sunt
822 2869 1013 2902 intrudere.
1052 2872 1122 2903 Pro
1144 2875 1291 2902 mortem
1306 2870 1491 2902 Francken
1514 2869 1580 2904 1.1.
1595 2881 1673 2912 pro—

191 2928 309 2970 posuit
342 2932 469 2961 artem.
