1894 3403
813 195 860 232 15

98 315 238 349 actum
268 309 332 356 sit,
370 308 431 348 his
462 307 618 347 uerbis:
651 303 830 356 Λέγεται
867 306 915 348 δὲ
944 304 1015 348 καὶ
1044 304 1120 348 τὸν
1149 303 1318 347 Ἰόλεων
1347 304 1425 346 τοῦ
1454 302 1577 356 Ἡρα-

99 376 251 427 κλέους
282 375 500 427 ἐρώμενον
529 373 635 416 ὄντα
655 376 877 416 κοινωνεῖν
897 375 984 416 τῶν
1014 372 1158 416 ἄθλων
1188 373 1258 415 καὶ
1277 372 1573 425 παρασπίζειν.

96 444 395 497 Ἀριστοτέλης
437 443 485 486 δὲ
523 441 593 485 καὶ
628 439 722 484 καθ’
766 441 898 485 αὑτὸν
934 441 995 485 ἔτι
1031 442 1166 495 φησὶν
1210 441 1280 484 ἐπὶ
1315 442 1393 484 τοῦ
1430 439 1574 493 τάφου

95 514 173 554 τοῦ
202 511 344 553 Ἰόλεω
373 511 453 563 τὰς
483 509 832 561 καταπιστώσεις
862 512 1078 552 ποιεῖσθαι
1108 510 1211 560 τοὺς
1227 509 1475 561 ἐρωμένους
1505 507 1575 548 καὶ

94 580 198 633 τοὺς
229 578 419 632 ἐραστάς
432 580 475 631 ¹).
536 581 674 630 Atque
705 580 785 618 hoc
814 580 982 630 quidem
1011 581 1101 619 loco
1132 580 1301 630 copiose
1332 578 1573 617 Plutarchus

96 652 150 689 de
180 662 296 688 sacra
327 661 433 699 quae
464 650 611 686 dicitur
641 648 810 685 cohorte
840 649 946 697 agit:
1005 646 1091 687 Τὸν
1121 645 1156 687 δ’
1187 646 1306 697 ἱερὸν
1336 645 1480 697 λόχον,
1511 644 1572 695 ὥς

95 706 217 769 φασι,
241 714 516 766 ,συνετάξατο
535 713 741 766 Γοργίδας
758 715 931 766 πρῶτος
961 713 1004 758 ἐξ
1024 713 1192 766 ἀνδρῶν
1210 713 1442 756 ἐπιλέκτων
1459 726 1573 764 τρια-

94 783 257 825 κοσίων
288 816 296 824 .
329 816 337 824 .
369 816 378 824 .
409 781 546 824 Ἔνιοι
583 783 631 824 δέ
668 792 806 834 φασιν
842 782 886 825 ἐξ
923 783 1119 833 ἐραστῶν
1149 783 1217 824 καὶ
1247 783 1475 834 ἐρωμένων
1504 795 1573 831 γε-

94 850 247 894 νέσθαι
280 849 330 892 τὸ
360 849 561 902 σύστημα
590 851 731 892 τοῦτο.
793 849 868 892 Καὶ
881 849 1141 902 Παμμένους
1171 848 1571 902 ἀπομνημονεύεταί

94 933 132 961 τι
164 919 269 971 μετὰ
298 921 473 971 παιδιᾶς
503 918 756 971 εἰρημένον·
797 918 849 960 οὐ
885 918 969 970 γὰρ
1007 917 1091 971 ἔφη
1128 918 1326 960 τακτικὸν
1356 917 1464 960 εἶναι
1494 917 1571 959 τὸν

94 986 280 1039 Ὁμήρου
312 986 512 1039 Νέστορα
541 987 775 1029 κελεύοντα
805 986 914 1028 κατὰ
942 988 1061 1039 φῦλα
1092 986 1161 1028 καὶ
1190 986 1385 1039 φρήτρας
1416 987 1571 1028 συλλο-

93 1054 283 1107 χίζεσθαι
313 1056 417 1107 τοὺς
438 1054 653 1107 Ἕλληνας
685 1089 693 1097 .
726 1089 735 1097 .
767 1089 776 1097 .
808 1055 911 1096 δέον
939 1054 1127 1106 ἐραστὴν
1157 1053 1270 1106 παρ’
1303 1053 1570 1105 ἐρώμενον

93 1122 304 1165 τάττειν
334 1137 370 1165 e.
400 1137 439 1174 q.
474 1136 524 1164 S.:
570 1125 678 1163 conf.
718 1137 806 1175 cap.
846 1135 892 1173 19
939 1130 981 1162 et
1027 1130 1186 1174 quaest.
1217 1124 1379 1162 conuiu.
1409 1124 1427 1160 1
1461 1134 1495 1170 2,
1530 1123 1567 1161 o.

93 1192 216 1229 Adde
247 1204 354 1241 quae
384 1192 535 1230 Athen.
567 1192 664 1229 XIII
693 1204 733 1242 p.
766 1192 841 1240 561
876 1192 911 1229 E
943 1192 1164 1229 memoriae
1193 1191 1393 1241 prodidit:
1437 1187 1569 1229 Λακε-

93 1256 302 1308 δαιμόνιοι
332 1257 380 1299 δέ
410 1257 495 1308 πρὸ
524 1258 610 1299 τῶν
639 1256 985 1308 παρατάξεων
1014 1255 1172 1307 Ἔρωτι
1203 1256 1475 1307 προθύονται,
1505 1254 1568 1305 ὡς

92 1322 140 1364 ἐν
169 1326 219 1378 τῇ
251 1324 740 1375 παραταττομένων
780 1323 901 1377 φιλίᾳ
936 1323 1132 1375 κειμένης
1163 1324 1240 1374 τῆς
1270 1322 1490 1373 σωτηρίας
1521 1334 1568 1362 τε

93 1390 163 1432 καὶ
190 1390 321 1442 νίκης.
382 1391 457 1433 Καὶ
488 1391 647 1443 Κρῆτες
677 1389 714 1433 δ’
754 1391 801 1433 ἐν
838 1393 934 1443 ταῖς
965 1390 1290 1443 παρατάξεσι
1325 1390 1428 1441 τοὺς
1469 1390 1569 1430 καλ-

92 1457 266 1509 λίστους
310 1460 398 1500 τῶν
439 1460 626 1500 πολιτῶν
656 1458 958 1510 κοσμήσαντες
1003 1458 1073 1500 διὰ
1101 1458 1268 1500 τούτων
1312 1457 1465 1499 θύουσι
1507 1460 1568 1511 τῷ

92 1522 250 1576 Ἔρωτι
278 1524 339 1576 ὡς
359 1525 641 1577 Σωσικράτης
653 1527 684 1574 ²)
713 1525 890 1578 ἱστορεῖ.
950 1524 997 1567 Ὁ
1029 1526 1076 1567 δὲ
1091 1525 1208 1577 παρὰ
1225 1524 1427 1577 Θηβαίοις
1446 1523 1567 1575 ἱερὸς

92 1591 224 1645 λόχος
254 1593 519 1645 καλούμενος
543 1594 809 1646 συνέστηκεν
838 1594 881 1638 ἐξ
912 1594 1109 1645 ἐραστῶν
1129 1594 1198 1636 καὶ
1218 1594 1458 1645 ἐρωμένων,
1488 1593 1567 1643 τὴν

91 1661 169 1700 τοῦ
206 1662 307 1701 θεοῦ
343 1660 586 1712 σεμνότητα
618 1661 839 1713 ἐμφαίνων
869 1660 1183 1713 ἀσπαζομένων
1228 1660 1417 1702 θάνατον
1447 1659 1568 1701 ἔνδο-

91 1728 166 1768 ξον
196 1724 285 1768 ἀντ’
316 1726 499 1779 αἰσχροῦ
529 1729 599 1770 καὶ
628 1729 926 1771 ἐπονειδίστου
957 1728 1108 1781 βίουθ).
1169 1730 1430 1779 Chlamydes,
1461 1741 1567 1779 quae

93 1796 135 1833 in
166 1808 287 1835 uersu
318 1797 463 1836 Lucilii
491 1805 879 1845 commemorantur.
916 1799 1065 1849 ephebi
1093 1799 1228 1848 posita
1263 1804 1381 1836 ueste
1409 1798 1567 1847 puerili,

92 1875 200 1913 quae
241 1861 411 1913 ἱμάτιον
455 1872 625 1904 uocatur
671 1863 837 1916 (Athen.
883 1867 981 1904 XIII
1023 1879 1060 1915 p.
1092 1865 1173 1913 604
1212 1863 1268 1916 D)
1313 1866 1565 1904 induebant:

92 1931 198 1969 conf.
243 1932 465 1971 Antidotos
510 1946 573 1983 ap.
612 1934 761 1974 Athen.
792 1934 850 1972 VI
879 1947 919 1984 p.
951 1945 1032 1982 240
1063 1934 1094 1971 B
1140 1931 1251 1983 Πρὶν
1296 1931 1567 1983 ἐγγραφῆναι

90 1996 160 2036 καὶ
189 1997 334 2048 λαβεῖν
363 1997 414 2038 τὸ
444 1998 687 2049 χλαμύδιον.
733 2002 808 2039 Est
835 2013 935 2038 uero
966 2001 1144 2050 chlamys
1176 2001 1303 2038 uestis
1322 2001 1506 2037 militaris
1517 1999 1567 2048 ⁴),

92 2076 173 2114 qua
204 2066 371 2116 ephebis
401 2068 575 2106 maxime
605 2081 709 2118 opus
735 2075 823 2107 erat
853 2070 908 2106 ad
938 2082 1023 2107 rem
1043 2069 1258 2107 militarem
1272 2074 1370 2106 tunc
1389 2069 1567 2118 primum

90 2134 397 2173 accedentibus.
457 2131 768 2186 (Dittenberger
813 2137 866 2173 de
897 2136 1064 2185 ephebis
1110 2136 1259 2173 Atticis
1300 2148 1340 2185 p.
1372 2134 1431 2185 9).
1489 2135 1570 2172 Hic

226 2339 252 2381 ¹)
278 2341 433 2374 Vocatur
459 2352 535 2375 eam
567 2342 613 2375 ob
646 2353 787 2376 causam
811 2344 932 2377 Iolaus
963 2345 1130 2378 Herculis
1159 2344 1406 2389 παραστάτης
1431 2345 1566 2389 (Eurip.

89 2399 270 2434 Heraclid.
300 2401 368 2443 88),
395 2403 483 2435 sicut
506 2403 542 2435 in
567 2403 731 2436 Kaibelii
762 2404 905 2437 delectu
941 2405 1052 2448 epigr.
1082 2405 1208 2440 Graec.
1235 2414 1305 2448 790
1343 2405 1567 2449 Polystratus

88 2459 334 2503 παραστάτης
357 2461 508 2494 Alcidae
534 2462 732 2505 appellatur
757 2463 929 2496 formosus
955 2475 1044 2507 puer
1070 2469 1205 2497 amatus
1231 2465 1277 2498 ab
1292 2466 1452 2498 Hercule
1479 2465 1569 2497 eius-

89 2527 159 2560 que
186 2519 345 2561 armiger.

224 2577 253 2621 2)
277 2579 471 2612 Socierates
507 2579 544 2612 in
580 2580 672 2612 libro
705 2580 868 2625 Κρητικά
904 2582 1074 2626 inscripto
1106 2582 1250 2626 (Athen.
1282 2584 1333 2616 VI
1363 2595 1401 2627 p.
1435 2584 1499 2616 261
1536 2584 1568 2615 E

91 2636 158 2678 263
184 2636 241 2681 F.)

222 2695 253 2742 ³)
270 2699 365 2732 Max.
390 2699 472 2743 Tyr.
498 2699 581 2733 diss.
605 2699 741 2732 XXIV
765 2708 786 2732 2
813 2711 847 2744 p.
874 2708 942 2744 455
970 2702 1019 2734 R.

224 2756 255 2800 ⁴)
281 2756 377 2789 Sicut
412 2758 507 2801 apud
542 2758 707 2790 Plautum
743 2759 874 2792 milites
903 2760 1120 2804 chlamydati
1158 2761 1374 2804 procedunt:
1430 2760 1563 2792 Pseud.

87 2812 125 2845 11
150 2824 184 2857 4,
211 2822 268 2858 45.
293 2816 403 2849 Miles
429 2818 465 2851 V
492 2825 548 2859 30.
