1894 3403
1425 0 1427 2 ,
1457 7 1459 9 .
1467 0 1663 38 w
1669 0 1894 23 wavra-a-

944 322 998 370 46

705 446 754 485 II.
785 458 822 485 u.
856 455 937 495 925
966 446 1000 483 L
1032 446 1057 483 8
1089 446 1133 483 M

349 519 525 564 quantas
556 524 722 563 quoque
753 513 880 550 modo
908 525 1124 551 aerumnas
1155 517 1417 563 quantosque
1450 513 1611 552 labores

349 581 576 618 exanclatis

702 646 773 688 III.
806 659 844 686 u.
876 646 958 697 956
987 647 1021 686 L
1054 646 1106 697 36
1136 647 1181 686 M

348 741 415 753 -ν
443 716 502 752 uti
531 716 737 764 pecudem
766 722 820 759 te,
853 716 1096 765 asinumque
1131 721 1173 753 ut
1204 716 1383 766 denique
1414 716 1529 754 nasci

347 782 598 830 praestiterit

700 849 770 887 IV.
804 861 841 888 u.
872 858 952 897 902
986 848 1019 886 L
1045 848 1183 886 XXIX
1215 848 1265 897 87
1298 849 1342 886 M

348 922 391 953 et
420 917 572 954 circum
604 917 780 954 uolitant
805 916 831 964 †
861 916 1063 954 ficedulae
1095 917 1204 953 turdi

347 983 373 1033 †
404 985 647 1024 curatiscoci
693 983 769 1033 (sic
817 984 850 1022 L
888 995 901 1021 1
944 989 985 1021 et
1028 984 1153 1022 ceteri
1204 984 1328 1021 codd.
1376 984 1615 1022 curatissoci
1656 979 1712 1035 G)

234 1054 367 1091 Recte
396 1055 429 1091 si
460 1060 653 1104 quattuor
693 1054 796 1091 haec
831 1053 1061 1103 fragmenta
1099 1053 1247 1092 erimus
1285 1053 1541 1102 interpretati
1571 1053 1710 1090 denuo

234 1121 451 1170 apparebit
494 1126 649 1170 quanto
696 1121 836 1158 studio
868 1120 1045 1158 Lucilius
1091 1121 1265 1170 priscam
1310 1126 1352 1157 et
1397 1132 1550 1158 nouam
1581 1120 1711 1157 Grae-

235 1201 378 1226 corum
410 1189 669 1226 comoediam
693 1194 971 1237 perscrutatus
1003 1189 1056 1226 sit
1086 1189 1150 1225 cui
1171 1194 1330 1227 saturas
1359 1200 1454 1227 suas
1471 1189 1710 1239 adplicaret.

235 1256 330 1306 Egit
366 1257 535 1306 quidem
563 1262 692 1306 poeta
721 1257 761 1293 in
799 1268 849 1294 ea
885 1262 1001 1305 parte
1044 1257 1132 1294 libri
1165 1257 1284 1294 XXX
1329 1257 1439 1295 cuius
1492 1263 1586 1295 sunt
1630 1257 1710 1294 ista

236 1324 452 1373 fragmina,
484 1326 538 1362 de
567 1325 741 1362 miseriis
777 1330 818 1362 et
846 1324 963 1361 malis
1000 1325 1161 1373 generis
1200 1325 1366 1362 humani
1396 1337 1456 1370 ac,
1497 1325 1574 1362 nisi
1606 1324 1709 1362 falso

233 1394 480 1443 interpretor
524 1393 597 1442 frg.
629 1393 647 1430 Ι
676 1393 777 1430 sicut
808 1392 909 1429 Hor.
944 1398 1019 1431 sat.
1054 1392 1069 1428 I
1108 1403 1141 1437 1,
1181 1402 1226 1439 15
1260 1404 1349 1442 sqq.
1389 1393 1555 1430 mimum
1594 1392 1708 1441 fingit

233 1461 430 1500 Lucilius.
490 1460 638 1498 Narrat
669 1460 901 1510 fragmento
931 1460 989 1497 IV
1005 1455 1035 1511 ¹)
1075 1460 1215 1497 nescio
1258 1460 1348 1510 quis
1379 1461 1432 1497 de
1471 1460 1556 1497 uita
1586 1460 1709 1497 beata

234 1540 360 1578 quam
397 1530 510 1578 apud
539 1528 692 1566 inferos
724 1530 879 1577 degant
916 1527 1117 1573 homines,
1158 1539 1282 1577 quam
1311 1528 1489 1566 Lucilius
1524 1528 1709 1577 depinxit

235 1596 525 1633 Pherecratem
552 1595 746 1645 antiquae
767 1595 1023 1633 Graecorum
1055 1596 1300 1632 comoediae
1330 1601 1498 1644 poetam
1528 1601 1706 1634 secutus.

232 1664 271 1701 Is
304 1664 413 1701 enim
443 1664 484 1700 in
515 1663 734 1701 comoedia
764 1675 873 1713 quae
903 1659 1133 1712 Μεταλλῆς
1163 1662 1392 1700 inscribitur
1430 1660 1574 1713 (Mein.
1602 1674 1707 1702 com.

235 1731 306 1769 Gr.
340 1742 375 1781 2,
411 1728 510 1780 299)
541 1731 596 1769 de
626 1737 882 1769 mortuorum
919 1731 961 1768 in
989 1730 1100 1769 Orco
1131 1730 1216 1768 uita
1247 1731 1371 1768 beata
1401 1730 1529 1769 multa
1559 1730 1708 1769 festiue

234 1800 349 1836 finxit
366 1798 598 1848 Orcumque
630 1799 727 1836 fecit
759 1805 907 1836 terram
939 1804 984 1836 ut
1006 1798 1187 1836 Petronii
1216 1799 1353 1836 uerbis
1384 1805 1475 1836 utar
1504 1799 1573 1836 ubi
1594 1800 1708 1848 porci

234 1867 341 1905 cocti
367 1866 587 1906 ambulant.
647 1866 710 1904 Ita
728 1867 828 1904 illud
859 1866 1134 1915 fragmentum
1155 1877 1248 1903 esse
1269 1866 1595 1916 intellegendum
1635 1879 1707 1915 ap-

233 1941 371 1984 paret:
404 1947 537 1985 neque
568 1935 677 1972 enim
706 1946 880 1985 usquam
926 1935 1036 1972 turdi
1081 1934 1211 1973 curati
1257 1930 1583 1973 Circumuolitant
1630 1934 1707 1972 nisi

232 2003 273 2040 in
304 2003 463 2042 fabulis.
523 2003 734 2041 Emendes
766 2014 939 2041 necesse
971 2008 1059 2041 est:

345 2077 386 2108 et
416 2072 743 2108 circumuolitant
773 2071 975 2109 ficedulae
1008 2086 1108 2109 ...zo
1128 2098 1149 2109 ..
1183 2071 1291 2109 turdi

349 2139 478 2177 curati
509 2150 557 2176 os

230 2206 445 2244 Lacunam
473 2212 569 2255 post
599 2205 796 2254 ficedulae
839 2212 953 2243 recte
993 2219 1088 2244 mea
1132 2207 1338 2244 sententia
1382 2206 1524 2244 statuit
1559 2206 1706 2244 Munro

230 2273 366 2312 Iourn.
399 2273 447 2310 of
472 2272 614 2312 Philol.
648 2272 724 2310 VII
755 2286 794 2322 p.
826 2283 929 2321 3123
976 2285 1083 2323 quae
1114 2273 1284 2311 inseruit
1314 2274 1443 2312 uerba
1474 2277 1510 2310 et
1536 2274 1708 2322 undique

231 2340 327 2383 nihil
358 2340 413 2377 ad
452 2352 551 2378 rem.
610 2340 697 2377 Iam
742 2352 824 2390 quo
870 2341 1019 2378 clarius
1059 2353 1142 2390 quo
1180 2341 1266 2378 iure
1303 2341 1360 2377 ita
1399 2340 1706 2377 emendauerim

230 2413 442 2458 appareat,
475 2407 732 2445 Pherecratis
758 2420 964 2453 uersuum,
996 2408 1065 2458 qui
1094 2408 1207 2457 apud
1239 2407 1389 2446 Athen.
1420 2406 1478 2444 VI
1508 2419 1547 2456 p.
1573 2406 1704 2444 268E

365 2545 390 2587 ¹)
416 2546 456 2578 L.
484 2546 594 2578 curati
618 2548 706 2579 scite
739 2546 798 2578 uel
824 2548 922 2579 sucis
950 2550 984 2578 et
1003 2546 1170 2589 ficedula
1207 2545 1403 2589 proposuit,
1435 2546 1485 2577 M.
1520 2545 1706 2577 trochaeos

229 2604 327 2646 fingit
352 2605 509 2637 scribens
527 2606 678 2649 ficellae
704 2629 712 2637 .
740 2630 747 2637 .
776 2630 784 2637 .
811 2608 937 2637 curati
972 2607 1064 2637 cocis
1110 2605 1382 2647 conuiuiumque
1414 2604 1566 2637 describi
1591 2609 1704 2647 putat:

228 2664 274 2695 de
300 2665 410 2696 turdis
439 2675 481 2696 ex
511 2675 596 2707 apro
615 2665 841 2697 euolantibus
868 2665 928 2708 qui
954 2670 1034 2697 sunt
1061 2664 1152 2708 apud
1181 2664 1326 2697 Petron.
1340 2672 1387 2705 40
1405 2663 1510 2697 uideo
1529 2664 1704 2697 Duentze-

229 2733 304 2755 rum
331 2723 508 2766 cogitasse
533 2723 569 2755 in
603 2723 787 2756 tralatione
812 2724 939 2756 Lucilii
972 2723 1064 2756 libro
1100 2723 1184 2755 ‘Die
1210 2722 1407 2755 romischen
1432 2722 1620 2755 Satiriker’
1656 2723 1705 2755 in-

231 2783 363 2826 scripto
390 2794 423 2826 p.
451 2783 508 2824 38,
535 2783 597 2826 qui
622 2784 705 2815 item
723 2770 910 2816 trochaeos
930 2783 1091 2816 restituit.
1113 2801 1157 2807 —
1174 2782 1337 2815 Ceterum
1365 2792 1442 2814 cum
1459 2783 1609 2814 Munroo
1634 2793 1704 2814 non

231 2842 393 2883 facerem,
422 2843 451 2874 si
472 2842 664 2875 ficedulam
688 2843 898 2875 uocabulum
925 2848 1127 2886 usurpatum
1151 2842 1311 2875 inuenire
1335 2852 1487 2885 possem.
1514 2843 1556 2874 In
1581 2842 1706 2875 litteris

230 2901 373 2945 reliquis
398 2904 454 2934 scz'
476 2902 561 2945 quid
584 2901 704 2941 lateat,
730 2912 803 2934 non
832 2902 931 2945 potui
960 2902 1143 2944 indagare:
1171 2906 1320 2945 possunt
1347 2901 1457 2934 multa
1483 2902 1578 2941 addi,
1606 2901 1705 2934 uelut

230 2962 289 2999 ibi,
315 2962 384 3000 his,
410 2961 488 2993 alia.
