1894 3403
913 308 967 359 64

198 435 323 474 tribus
353 436 472 474 caelo
504 435 680 474 deiecta.
742 435 1052 473 Admirationem
1097 435 1250 473 deinde
1298 434 1410 473 auxit
1453 434 1572 486 signo
1617 446 1678 473 re-

199 504 335 554 ceptui
362 505 463 542 dato
496 504 605 540 adeo
631 504 851 553 tranquilla
886 503 1086 542 serenitas
1105 503 1284 548 reddita,
1315 508 1359 541 ut
1380 503 1495 541 uelut
1515 503 1681 554 numine

199 571 335 621 aliquo
367 570 543 609 defensa
573 576 709 608 castra
742 581 982 621 oppugnare
1013 571 1158 608 iterum
1188 570 1328 620 religio
1360 566 1512 609 fuerit’.
1557 569 1678 608 Conf.

199 639 337 677 XXVI
374 650 435 685 11,
468 650 506 687 3.
536 638 637 678 Hor.
668 650 733 688 ep.
763 639 781 676 I
810 638 848 687 6,
888 649 919 677 1.
980 638 1276 688 Tempestates
1305 644 1463 689 quanta
1483 638 1680 689 religione

199 707 459 757 suspexerint
479 706 673 752 Romani,
704 712 848 744 notum
878 711 944 744 est
965 718 1016 743 ex
1033 706 1139 744 Liuii
1170 705 1406 745 annalibus:
1437 705 1542 746 conf.
1560 706 1683 744 XXV

202 785 239 823 7,
273 785 294 823 7
326 774 401 812 XL
430 783 499 822 45,
533 785 567 813 2-
603 774 669 822 58,
701 784 740 822 3·

334 841 395 878 Illi
425 840 571 879 Lucilii
601 852 745 879 uersus
777 842 865 878 sine
882 841 1007 879 dubio
1040 842 1108 879 dei
1126 846 1220 879 sunt
1240 842 1378 889 uerba,
1409 852 1496 878 non
1511 846 1677 890 poetae,

198 916 244 948 ut
272 910 467 947 mirentur
496 921 695 959 praesens
725 909 901 947 indicat:
933 909 1077 947 Iouem
1095 915 1198 960 puto
1214 908 1345 947 refelli
1375 921 1399 947 a
1430 909 1553 947 fratre
1571 907 1679 958 Nep-

199 985 298 1016 tuno
343 977 412 1026 qui
442 978 555 1015 dicat
585 977 800 1015 Romanos
831 978 983 1015 multos
1005 978 1173 1027 quidem
1204 978 1294 1014 dies
1323 983 1365 1014 et
1385 988 1563 1021 menses,
1594 988 1679 1013 non

198 1052 340 1084 tamen
368 1057 443 1095 per
473 1045 742 1096 longinquum
771 1051 933 1095 tempus
965 1045 1073 1083 hanc
1106 1050 1397 1095 tempestatem
1428 1056 1551 1094 quam
1582 1056 1679 1093 pro-

198 1119 290 1163 pter
305 1113 453 1151 iniusta
468 1112 573 1162 Lupi
588 1112 744 1150 iudicia
761 1113 1011 1150 immissurus
1028 1114 1092 1151 ille
1108 1114 1159 1150 sit
1175 1114 1390 1166 miraturos
1412 1124 1518 1151 esse.
1549 1111 1682 1161 Opor-

198 1186 285 1218 tere
316 1180 485 1230 insuper
514 1179 667 1216 malum
687 1179 865 1217 iudicem
885 1180 991 1217 male
1001 1180 1156 1230 perire,
1187 1186 1231 1217 ut
1253 1181 1425 1218 deorum
1452 1179 1552 1216 iram
1571 1179 1679 1216 clare

197 1254 368 1286 cernant
396 1248 598 1287 homines.
656 1247 873 1285 Mittuntur
904 1248 1012 1285 enim
1050 1261 1074 1286 a
1104 1248 1204 1286 Ioue
1239 1253 1505 1298 tempestates
1537 1243 1679 1298 (Hom.

197 1313 240 1355 Π
270 1315 352 1365 365
383 1315 483 1355 Hor.
516 1328 639 1354 carm.
671 1315 690 1353 I
728 1313 770 1365 2)
812 1321 936 1366 atque
967 1321 1134 1365 poetam
1164 1315 1269 1354 haec
1309 1316 1367 1353 ita
1397 1315 1679 1365 composuisse

197 1390 298 1434 puto
344 1396 571 1422 memorem
601 1383 771 1421 Homeri
799 1380 842 1422 Π
882 1383 962 1433 384
993 1396 1083 1434 sqq.
1124 1385 1192 1422 ubi
1235 1385 1289 1422 de
1332 1389 1580 1434 tempestate
1625 1383 1678 1421 ob

201 1452 361 1489 iudices
393 1452 604 1501 improbos
636 1464 660 1488 a
688 1451 788 1489 Ioue
819 1452 920 1489 irato
951 1452 1156 1492 immissa:

312 1516 373 1567 ὡς
403 1514 441 1557 δ’
474 1515 559 1558 ὑπὸ
589 1516 764 1557 λαίλαπι
794 1518 917 1557 πᾶσα
947 1516 1119 1568 κελαινὴ
1155 1516 1320 1569 βέβριθε
1351 1516 1467 1568 χθών

313 1583 439 1635 ἤματ’
470 1582 684 1638 ὀπωρινῷ,
716 1582 789 1625 ὅτε
821 1583 1090 1635 λαβρότατον
1121 1584 1209 1635 χέει
1239 1583 1355 1635 ὕδωρ

313 1650 439 1704 Ζεύς,
469 1650 543 1693 ὅτε
574 1650 626 1702 δή
665 1649 700 1703 ῥ’
734 1649 944 1702 ἄνδρεσσι
974 1650 1300 1703 κοτεσσάμενος
1332 1650 1566 1706 χαλεπήνῃ,

313 1718 354 1761 οἳ
387 1718 453 1774 βίῃ
486 1717 564 1761 εἰν
595 1717 760 1774 ἀγορῇ
791 1718 1010 1770 σκολιὰς
1041 1718 1256 1770 κρίνωσι
1287 1718 1552 1770 θέμιστας,

313 1786 361 1828 ἐκ
391 1787 439 1828 δὲ
470 1785 591 1837 δίκην
621 1785 828 1839 ἐλάσωσι,
860 1788 971 1829 θεῶν
1001 1785 1099 1829 ὄπιν
1129 1786 1209 1829 οὐκ
1239 1785 1471 1837 ἀλέγοντες

200 1868 237 1895 e.
254 1868 293 1907 q.
307 1868 339 1895 S.
357 1855 463 1895 conf.
482 1854 638 1894 Callim.
658 1855 793 1906 hymn.
809 1857 850 1893 in
866 1857 951 1894 Iou.
970 1856 1036 1896 81.
1069 1857 1199 1896 Plaut.
1218 1857 1324 1896 Rud.
1341 1857 1442 1906 prol.
1460 1867 1506 1906 15
1528 1857 1679 1894 Preller

202 1924 272 1963 Gr.
287 1923 458 1973 Mythol.
476 1923 493 1961 I
509 1936 548 1973 p.
572 1933 661 1963 120.
684 1923 803 1972 Quae
820 1925 978 1962 sirecte
995 1925 1167 1971 conieci,
1191 1924 1368 1976 aliquam
1386 1930 1677 1975 tempestatem

199 2004 305 2043 quae
336 1992 443 2030 intra
464 2004 615 2029 annum
636 1998 857 2030 exeuntem
876 1991 1060 2041 626J128
1082 1998 1126 2030 et
1140 2004 1213 2030 uer
1227 1994 1324 2031 anni
1341 1992 1525 2042 629l125
1547 2005 1678 2042 popu-

197 2061 278 2098 lum
300 2065 501 2097 terruerat
519 2059 754 2097 Romanum
771 2060 1003 2109 respexisse
1023 2061 1231 2109 putandus
1263 2066 1327 2098 est
1341 2060 1523 2098 Lucilius
1553 2066 1677 2110 atque

196 2129 488 2178 interpretatus
517 2139 611 2166 esse
632 2140 684 2165 ea
705 2128 864 2165 ratione
881 2140 962 2177 qua
986 2127 1068 2168 Cic.
1086 2129 1142 2166 ad
1158 2128 1298 2177 Quint.
1320 2129 1365 2169 fr.
1387 2128 1444 2166 III
1467 2139 1488 2178 7
1520 2134 1678 2179 tempe-

196 2203 349 2235 statem
378 2208 489 2234 anno
522 2196 680 2245 700l54
726 2201 911 2234 coortam
942 2197 1147 2236 scribens:
1207 2193 1386 2234 ‘Romae
1426 2202 1467 2235 et
1497 2197 1676 2234 maxime

195 2265 330 2314 Appia
361 2265 417 2302 ad
447 2264 591 2302 Martis
622 2264 724 2302 mira
755 2264 941 2303 alluuies.
1003 2263 1260 2314 Crassipedis
1280 2265 1504 2303 ambulatio
1522 2265 1673 2311 ablata,

195 2332 315 2377 horti,
347 2331 545 2369 tabernae
574 2331 793 2382 plurimae:
825 2344 977 2381 magna
1008 2332 1068 2369 uis
1090 2344 1221 2382 aquae
1243 2344 1375 2382 usque
1396 2333 1453 2370 ad
1472 2332 1672 2382 piscinam

194 2401 413 2450 publicam.
487 2399 613 2450 Uiget
657 2401 758 2438 illud
802 2400 993 2438 Homeri:
1035 2397 1159 2449 ἤματ’
1199 2397 1401 2454 ὀπωρινῷ
1433 2433 1440 2441 .
1474 2433 1481 2440 .
1512 2432 1520 2440 .
1551 2400 1676 2451 χαλε-

194 2466 322 2521 πήνῃ.
384 2467 507 2507 Cadit
538 2469 649 2507 enim
680 2469 722 2506 in
753 2468 1054 2507 absolutionem
1081 2468 1263 2506 Gabinii:
1296 2465 1339 2508 οἵ
1369 2465 1435 2521 βίῃ
1467 2500 1475 2508 .
1508 2500 1546 2508 ..
1580 2465 1675 2509 ἀλὲ-
1701 2485 1703 2488 ’

193 2533 377 2586 γοντες’.
437 2535 586 2574 Dicere
617 2541 784 2585 poetam
806 2541 960 2573 certam
991 2537 1169 2586 aliquam
1190 2541 1482 2585 tempestatem
1504 2536 1678 2574 efficitur

194 2617 285 2643 cum
315 2605 428 2650 inde,
460 2604 576 2653 quod
597 2603 677 2642 hoc
709 2604 741 2641 si
764 2604 961 2642 sumimus
992 2604 1135 2641 mirum
1166 2609 1367 2654 quantum
1382 2604 1495 2653 uiget
1526 2610 1674 2651 satura,

194 2672 281 2711 tum
324 2672 428 2709 hanc
461 2673 706 2722 pronomine
751 2673 956 2722 apposito.
1016 2671 1130 2709 Bene
1171 2672 1359 2722 congruit
1407 2673 1521 2722 quod
1549 2672 1674 2710 Iulius

194 2740 446 2791 Obsequens
480 2740 533 2790 89
563 2740 688 2779 refert
718 2742 774 2780 ad
804 2753 958 2779 annum
996 2739 1182 2789 628s126
1213 2740 1270 2780 M.
1303 2740 1477 2778 Aemilio
1513 2740 1560 2778 L.
1592 2740 1676 2778 Au-

194 2808 293 2845 relio
326 2819 454 2847 coss.:
489 2805 720 2847 ‘Nocturna
750 2814 1001 2858 tempestate
1031 2809 1073 2845 in
1102 2807 1305 2857 Capitolio
1337 2808 1491 2858 aliquot
1522 2808 1675 2856 templa

195 2888 399 2914 concussa
444 2882 552 2916 sunt.
613 2876 774 2914 Romae
816 2881 859 2914 et
903 2876 1010 2914 circa
1058 2875 1224 2914 fulmine
1269 2876 1464 2926 pleraque
1510 2875 1675 2913 deiecta

195 2939 322 2982 sunt.’
370 2943 515 2993 Itaque
561 2943 639 2981 hoc
670 2955 780 2981 anno
813 2944 1026 2981 concilium
1073 2944 1244 2981 deorum
1289 2943 1472 2982 habitum
1511 2942 1675 2980 finxisse
