1894 3403
939 310 989 348 62

222 436 366 473 iudicis
395 435 569 486 praebet
613 435 749 473 codex
780 434 1130 476 Guelferbitanus:
1175 436 1458 487 grauissimum
1488 437 1596 476 enim
1626 442 1702 483 est,

222 504 334 553 quod
349 503 487 554 Lupus
504 503 614 553 apud
630 502 829 541 Lucilium
845 503 978 553 ipsum
995 504 1121 542 iudex
1138 504 1378 543 describitur
1393 505 1493 543 libro
1512 504 1701 554 XXVIII,

221 572 309 609 sine
341 572 466 609 dubio
496 576 649 621 poetae
678 571 864 617 infestus,
894 578 939 609 ut
961 570 1006 611 C.
1029 571 1189 611 Caelius
1203 571 1233 621 ¹)
1260 573 1383 610 iudex
1414 573 1523 623 apud
1546 571 1698 612 Cornif.

221 640 278 678 ad
307 640 405 678 Her.
435 639 473 676 H
508 648 570 688 19.
631 635 696 677 ‘In
726 636 955 690 republica’
999 642 1114 690 quod
1151 641 1332 678 editores
1366 646 1537 691 ponunt,
1575 640 1701 678 uehe-

221 714 380 746 menter
396 709 582 757 languet:
604 719 710 757 opus
728 708 761 745 si
781 708 1001 758 quicquam
1022 708 1238 759 flagitatur,
1257 709 1503 747 adiectiuum
1518 721 1621 760 opus
1637 715 1701 747 est

221 776 456 825 adpositum
477 776 532 813 ad
547 776 704 812 iudicis:
723 788 745 812 e
758 775 899 813 litteris
920 777 960 812 in
977 776 1093 813 rebus
1108 783 1150 814 et
1169 778 1232 814 rei
1243 779 1442 827 corruptis
1461 778 1700 815 eliciendum

220 849 284 881 est
314 842 489 880 fortasse
521 842 644 892 (Lupi
676 843 885 881 cuiusdam
916 838 1079 894 iudicis)
1111 843 1290 893 improbi.
1335 843 1455 884 Conf.
1478 857 1515 884 u.
1539 854 1639 895 1071
1667 844 1700 882 L

220 912 295 950 inc.
334 910 411 948 160
440 910 497 956 M,
531 922 653 960 quem
681 916 726 948 ut
755 923 900 948 omnes
917 911 1060 948 Lucilii
1087 924 1152 950 uu.
1185 913 1296 962 apud
1326 913 1587 950 Rufinianum
1618 924 1703 950 ser-

221 985 342 1018 uatos
374 979 476 1017 libro
506 979 524 1016 I
554 979 675 1017 tribui
706 980 862 1017 debere
893 991 959 1017 me
990 981 1146 1018 monuit
1179 980 1413 1020 Buecheler.

334 1048 397 1084 Ex
428 1048 497 1084 dei
526 1047 670 1084 nescio
702 1048 814 1085 cuius
847 1048 1052 1085 sententia
1083 1049 1304 1098 desumpta
1335 1055 1429 1086 sunt
1457 1050 1560 1087 haec

220 1116 295 1153 tria
327 1115 578 1165 fragmenta:
611 1127 679 1153 uu.
713 1115 750 1155 8.
783 1127 820 1164 9.
860 1126 921 1155 1o.
952 1126 1000 1163 31
1037 1116 1070 1153 L
1106 1127 1165 1164 14.
1211 1127 1272 1165 15.
1303 1127 1370 1165 33.
1401 1127 1468 1167 37.

333 1196 415 1233 quo
444 1183 637 1232 populum
666 1189 791 1233 atque
823 1184 965 1222 urbem
992 1182 1113 1233 pacto
1146 1196 1309 1223 seruare
1341 1186 1516 1234 potisset

334 1249 499 1300 ampliu’
530 1251 762 1288 Romanam
794 1283 800 1290 .
837 1282 843 1289 .
878 1283 885 1290 .

333 1330 478 1356 munus
516 1324 657 1356 tamen
695 1318 807 1368 fungi
852 1325 893 1356 et
932 1331 1068 1357 muros
1114 1331 1276 1358 seruare
1321 1319 1526 1368 potissent
1557 1316 1701 1369 (codd.

1293 1383 1503 1437 possint).
1534 1418 1541 1425 .
1576 1418 1585 1427 .

334 1455 366 1492 si
396 1467 482 1492 non
514 1455 699 1504 amplius,
732 1461 774 1493 at
804 1456 973 1493 lustrum
1003 1455 1082 1493 hoc
1111 1455 1350 1505 protolleret
1379 1467 1503 1492 unum

220 1522 356 1571 Atque
388 1522 519 1571 agitur
549 1523 716 1571 quidem
757 1524 798 1559 in
829 1523 991 1560 duobus
1032 1523 1169 1571 primis
1211 1523 1394 1559 uersibus
1425 1523 1479 1559 de
1510 1522 1592 1558 deo
1624 1521 1695 1559 ali-

220 1601 315 1639 quo,
347 1589 414 1639 qui
444 1589 586 1627 urbem
627 1595 668 1627 et
699 1589 896 1639 populum
927 1601 1009 1639 quo
1046 1589 1174 1627 modo
1210 1600 1376 1627 seruare
1407 1588 1539 1638 possit
1569 1587 1698 1625 medi-

220 1663 348 1703 tatur;
390 1671 414 1694 e
446 1669 567 1695 uersu
596 1657 736 1695 ultimo
780 1664 952 1707 apparet
990 1658 1168 1695 eundem
1212 1669 1381 1707 operam
1425 1657 1606 1702 dedisse,
1653 1661 1696 1693 ut

221 1726 367 1763 saltem
406 1726 461 1762 ad
492 1726 604 1763 lustri
634 1726 756 1763 finem
787 1726 895 1763 urbis
926 1726 1130 1763 interitum
1161 1726 1340 1764 differret
1371 1731 1439 1764 aut
1467 1725 1609 1763 urbem
1639 1724 1700 1773 ip-

221 1805 309 1831 sam
327 1794 483 1832 saluam
501 1794 760 1844 protolleret:
784 1794 852 1831 ubi
873 1794 1286 1832 animaduertendum
1303 1800 1365 1832 est
1384 1794 1455 1831 hoc
1473 1804 1700 1844 pronomen

221 1862 333 1910 quod
364 1861 563 1911 significet
595 1862 638 1899 id
668 1874 750 1911 quo
781 1862 927 1899 uiuunt
956 1862 1123 1899 lustrum
1154 1874 1363 1911 praesens.
1419 1860 1617 1899 Uidemus
1649 1873 1700 1897 ex

220 1929 356 1967 uerbis
384 1930 543 1978 potz'sset
570 1935 611 1967 et
633 1930 869 1979 protolleret
906 1930 1154 1967 sententiam
1197 1941 1281 1967 non
1312 1941 1336 1966 a
1367 1930 1449 1967 deo
1493 1929 1583 1979 ipso
1622 1929 1700 1966 dici

221 1998 297 2033 sed
327 1998 481 2034 dictam
526 1998 567 2033 in
597 1998 771 2035 concilio
812 1998 963 2036 referri.
1024 1999 1092 2035 Ad
1123 1999 1248 2035 uerba
1291 1998 1398 2036 conf.
1430 1998 1529 2036 Hor.
1573 2009 1699 2035 carm.

219 2076 329 2103 saec.
362 2063 413 2112 65
446 2060 506 2102 ‘Si
532 2063 742 2103 Palatinas
770 2066 884 2103 uidet
912 2077 1066 2115 aequus
1098 2077 1226 2110 arces,
1257 2065 1444 2115 Remque
1466 2064 1698 2102 Romanam

217 2132 462 2182 Latiumque
501 2132 595 2170 felix
626 2133 812 2171 Alterum
854 2134 895 2170 in
925 2134 1094 2171 lustrum
1138 2133 1366 2183 meliusque
1411 2144 1574 2182 semper
1603 2131 1700 2169 Pro-

219 2206 339 2249 rogat
370 2197 531 2238 aeuum³
574 2198 647 2249 (sc.
680 2201 862 2250 Apollo).
920 2200 1012 2240 Ual.
1049 2202 1156 2240 Max,
1184 2201 1242 2238 IV
1278 2212 1311 2246 1,
1340 2211 1399 2238 10.
1462 2197 1699 2238 ‘Africanus

302 2299 310 2307 .
343 2280 490 2306 censor
520 2281 613 2306 cum
642 2269 812 2307 lustrum
851 2269 1049 2306 conderet
1085 2269 1208 2319 inque
1239 2268 1361 2306 solito
1392 2268 1476 2306 fieri
1506 2267 1698 2306 sacrificio

219 2336 353 2374 scriba
385 2347 436 2373 ex
465 2336 634 2386 publicis
666 2336 814 2374 tabulis
831 2338 1029 2374 sollemne
1060 2337 1097 2373 ei
1119 2337 1368 2386 precationis
1394 2347 1560 2374 carmen
1580 2347 1699 2385 prae-

217 2406 306 2448 iret,
339 2417 421 2454 quo
452 2404 494 2441 di
528 2405 778 2443 immortales
819 2411 861 2443 ut
898 2405 1038 2454 populi
1069 2406 1245 2443 Romani
1283 2416 1346 2443 res
1384 2405 1574 2442 meliores
1614 2415 1696 2441 am-

217 2473 450 2522 plioresque
482 2471 679 2518 facerent,
711 2473 982 2522 rogabantur:
1036 2473 1155 2518 Satis,
1185 2474 1330 2523 inquit,
1362 2474 1499 2510 bonae
1515 2484 1563 2509 ac
1583 2484 1699 2521 mag·
1745 2507 1751 2512 .

216 2554 296 2579 nae
329 2547 434 2580 sunt.
494 2541 641 2590 Itaque
672 2553 820 2590 precor
859 2547 903 2578 ut
933 2553 1004 2578 eas
1035 2546 1234 2590 perpetuo
1265 2541 1487 2578 incolumes
1519 2544 1697 2578 seruent.

354 2709 380 2751 ¹)
406 2709 525 2742 Valde
573 2710 718 2743 dubium
757 2722 884 2744 nomen
920 2711 1016 2744 istud
1043 2710 1080 2744 C.
1109 2710 1255 2744 Caelius
1292 2715 1361 2749 est;
1400 2710 1541 2742 codices
1579 2708 1700 2752 optimi

216 2769 389 2812 praebent
415 2768 562 2801 Caelius
596 2771 729 2802 omisso
765 2771 1004 2813 praenomine,
1037 2769 1344 2813 Herbopolitanus
1370 2771 1522 2801 atelius:
1559 2768 1698 2800 codices

217 2828 413 2860 deteriores
453 2828 618 2861 nonnulli
658 2829 693 2863 C.
723 2829 869 2863 Caelius
906 2828 1071 2861 nonnulli
1095 2829 1215 2861 Aulus
1249 2827 1405 2861 Caelius.
1454 2828 1595 2860 Nomen
1620 2837 1699 2859 cum

216 2892 336 2929 aperte
354 2892 555 2930 corruptum
581 2888 637 2927 sit,
665 2888 724 2920 uel
751 2889 794 2920 L.
828 2888 1018 2921 Cornelius
1044 2888 1149 2920 iudex
1178 2888 1223 2920 de
1250 2898 1320 2930 quo
1349 2887 1485 2929 agimus
1509 2887 1545 2918 in
1571 2886 1698 2919 litteris

216 2946 389 2989 corruptis
415 2951 531 2990 potest
556 2946 678 2980 latere.
