1894 3403
910 293 937 332 4

189 403 341 444 Manus
370 407 498 444 amica
527 407 651 456 igitur
692 408 803 445 idem
845 409 969 453 ualet,
1001 410 1114 458 quod
1142 421 1288 447 manus
1334 408 1501 448 fututrix
1531 408 1670 460 (Mart.

189 476 246 513 XI
278 476 359 523 22).
419 474 614 514 Ceterum
641 477 796 526 optime
825 476 950 515 etiam
983 475 1281 527 μεταφορικῶς
1325 477 1451 520 uerba
1482 478 1672 516 lacrimas

188 544 383 593 absterget
415 544 598 593 intellegi
628 551 803 594 possunt
832 551 877 581 ut
923 547 982 582 sic
1026 547 1294 594 interpretere
1336 558 1503 584 manum
1547 547 1671 585 solari

186 624 338 662 penem
388 623 512 661 aegre
551 612 751 650 ferentem
791 612 1042 662 inexpletam
1084 612 1314 650 libidinem:
1361 612 1544 651 similiter
1572 613 1671 664 Scy-

188 678 323 715 thinus
353 679 402 717 A.
435 678 480 717 P.
513 679 595 716 XII
628 690 706 727 232
740 682 796 717 ad
823 685 1074 719 muttonem:

300 752 456 805 Ὀρθὸν
486 756 565 796 νῦν
596 754 785 808 ἕστηκας
817 754 1043 806 ἀνώνυμον
1074 753 1177 796 οὐδὲ
1207 754 1406 810 μαραίνῃ·

376 819 630 863 ἸΞντέτασαι
662 821 699 863 δ’
733 823 793 873 ὡς
824 823 877 864 ἂν
908 822 962 873 μή
994 835 1100 863 ποτε
1130 822 1421 873 παυσόμενον.

299 886 409 929 Ἀλλ’
443 887 518 930 ὅτε
550 902 619 940 μοι
652 888 906 941 Νεμεσηνὸς
937 888 1044 930 ὅλον
1074 888 1329 940 παρέκλινεν
1358 888 1525 941 ἑαυτόν,

376 955 531 998 Πάντα
562 957 709 1007 διδοὺς
739 956 767 998 ἃ
798 957 922 1008 θέλω,
952 956 1107 1008 νεκρὸν
1137 955 1425 1008 ἀπεκρέμασο.
1467 992 1469 995 ,

299 1022 448 1064 Τείνεο
480 1023 550 1064 καὶ
581 1023 752 1074 ῥήσσου
784 1024 854 1064 καὶ
884 1022 1094 1074 δάκρυε·
1125 1023 1267 1065 πάντα
1294 1024 1505 1076 ματαίως·

375 1090 467 1142 Οὐχ
496 1090 605 1142 ἕξεις
635 1090 761 1133 ἔλεον
790 1090 936 1143 χειρὸς
967 1089 1043 1143 ἀφ’
1073 1089 1293 1143 ἡμετέρης.

186 1158 334 1208 Itaque
367 1159 608 1197 foedissima
639 1161 908 1210 ambiguitate
937 1161 1078 1198 ludere
1108 1166 1277 1210 poetam
1298 1161 1560 1199 manifestum
1590 1167 1667 1201 est.

322 1398 446 1436 Libro
477 1397 534 1435 IX
564 1410 602 1437 u.
635 1397 714 1446 289
746 1397 778 1435 L
813 1407 863 1447 74
893 1397 937 1436 M
998 1397 1166 1436 codices

299 1467 446 1516 arripio
478 1471 520 1504 et
549 1472 725 1503 rostrum
756 1466 978 1516 labeatque
1008 1466 1087 1504 hoc
1117 1465 1328 1505 zeferiatin

298 1534 485 1584 percutio
509 1534 741 1582 dentesque
770 1534 972 1572 aduorsos
1005 1534 1182 1572 discutio
1213 1535 1361 1580 omnis,

185 1614 279 1640 cum
308 1602 547 1651 praebeant,
579 1600 784 1649 labeatque
812 1608 925 1639 recte
956 1602 1196 1639 emendauit
1225 1601 1423 1640 Bentinus
1454 1602 1495 1640 in
1524 1602 1662 1639 medio

184 1682 307 1707 uersu
342 1668 550 1718 labeasque
579 1680 756 1719 ponens,
789 1674 1010 1707 exeuntem
1041 1670 1205 1707 sanauit
1233 1668 1499 1708 Lachmanno
1529 1670 1665 1707 iudice

182 1738 323 1775 Iunius
357 1738 565 1786 corrigens
603 1736 830 1786 Zopyrz'oni‚
869 1738 947 1774 nisi
985 1738 1100 1786 quod
1135 1738 1223 1787 ipse
1260 1738 1415 1775 mauult
1443 1737 1513 1774 hoc
1547 1737 1665 1786 Zopy-

183 1806 302 1849 rionz',
331 1804 421 1841 huic
456 1803 673 1853 Zopyrioni
706 1804 847 1842 Iunius
878 1805 1052 1854 scripsit.
1114 1804 1334 1843 Probarem
1347 1801 1391 1856 ¹),
1431 1805 1473 1842 ni
1505 1805 1664 1854 longius

183 1887 208 1911 a
238 1874 399 1911 traditis
432 1873 681 1918 discederet,
717 1873 822 1909 Iunii
852 1873 990 1922 potius
1023 1878 1301 1910 commentum
1331 1893 1379 1899 -—
1409 1885 1505 1910 nam
1534 1868 1664 1917 ‘hoc',

183 1941 341 1979 scilicet
372 1940 479 1978 fuste
517 1951 609 1978 sero
641 1939 814 1977 relatum
845 1940 1014 1989 languet
1046 1960 1099 1965 -—
1131 1951 1254 1989 quam
1286 1940 1400 1989 quod
1431 1939 1591 1988 Uarges
1623 1939 1664 1975 in

181 2008 289 2047 Mus.
321 2008 454 2046 Rhen.
497 2008 554 2045 ΙΙΙ
589 2007 692 2055 1835
734 2020 773 2056 p.
806 2006 860 2044 60
899 2008 1090 2052 coniecit,
1136 2007 1204 2057 qui
1249 2007 1303 2044 de
1335 2007 1495 2057 Zopyro
1539 2005 1664 2044 Persa

182 2075 369 2124 cogitans
401 2074 604 2123 scripserit
633 2074 700 2111 hoc
728 2075 981 2122 zopyrz'atz'm:
1026 2075 1140 2123 quod
1170 2086 1262 2111 cum
1309 2074 1457 2111 frustra
1495 2075 1664 2118 studeat

182 2145 374 2181 euincere
407 2143 585 2192 legitime
628 2153 722 2179 esse
753 2142 986 2181 deriuatum
1025 2153 1049 2178 a
1084 2154 1190 2180 uoce
1220 2141 1416 2192 Zopyrus,
1461 2140 1571 2179 hunc
1600 2152 1663 2179 se-

183 2216 303 2248 cutus
337 2209 560 2262 Muellerus
606 2208 778 2245 deducit
824 2209 1050 2256 zopyriatim
1092 2209 1204 2245 istud
1249 2221 1274 2245 a
1318 2219 1424 2246 uoce
1460 2207 1662 2257 Zopyrion,

184 2291 306 2329 quem
348 2282 469 2327 putat
497 2276 713 2326 plagosum
744 2288 907 2315 seruum
934 2275 1078 2314 Lucilii
1118 2275 1256 2315 fuisse.
1316 2275 1551 2313 Fatendum
1586 2280 1661 2322 est,

182 2347 236 2383 de
268 2345 347 2382 hac
376 2356 418 2381 re
449 2344 546 2381 nihil
576 2356 653 2381 nos
685 2333 805 2382 scire:
854 2345 954 2381 libro
984 2344 1104 2381 XXII
1135 2354 1211 2392 521
1249 2332 1283 2381 L
1313 2355 1338 2392 9
1368 2344 1413 2381 M
1456 2344 1509 2381 de
1541 2355 1661 2381 seruo

180 2415 358 2466 plagoso
394 2412 492 2451 nihil
526 2424 625 2451 sane
660 2413 817 2451 dictum
847 2418 922 2452 est.
954 2432 1008 2439 —
1039 2411 1291 2462 Flagitamus
1321 2410 1354 2449 si
1395 2411 1493 2461 quid
1537 2411 1662 2449 uideo

180 2484 368 2519 datiuum
398 2482 455 2518 ad
471 2492 617 2518 uocem
643 2481 819 2528 percutio
840 2480 1117 2530 pertinentem
1146 2485 1271 2529 atque
1288 2479 1482 2528 quoniam
1510 2479 1662 2517 menda

180 2549 304 2588 Nonii
335 2549 561 2586 litterarum
591 2547 911 2598 transpositione
941 2552 1031 2584 orta
1062 2558 1154 2583 esse
1182 2546 1385 2596 permulta
1412 2552 1555 2583 notum
1585 2552 1661 2590 est,

179 2618 444 2667 agnoscimus
474 2616 515 2652 in
533 2615 677 2652 litteris
697 2615 896 2663 corruptis
917 2615 1103 2651 datiuum
1124 2614 1336 2662 singularis
1352 2613 1510 2651 numeri
1537 2613 1662 2663 parti-

179 2685 272 2735 cipii
311 2683 542 2734 praesentis
571 2682 614 2719 in
653 2682 764 2718 -anti
785 2686 1019 2726 exeuntem,
1053 2680 1168 2718 uelut
1199 2679 1406 2718 quenalis
1437 2680 1537 2718 dicit
1565 2676 1658 2719 ‘co-

316 2862 341 2909 ¹)
366 2863 584 2908 Ζωπυρίων
598 2865 689 2897 enim
716 2865 811 2907 apud
835 2864 1031 2896 Lucianum
1044 2864 1129 2907 περὶ
1146 2865 1226 2898 τῶν
1252 2863 1311 2898 ἐπὶ
1326 2865 1448 2908 μισθῷ
1462 2863 1659 2899 συνόντων

179 2931 222 2964 23
249 2934 375 2956 nomen
402 2929 456 2957 est
481 2924 661 2957 hominum
687 2923 867 2957 uenalium
893 2928 929 2956 et
953 2923 1162 2957 infimorum.
