1894 3403
860 235 903 262 11

144 351 315 390 litteram
354 348 460 393 fecit,
505 349 572 400 qui
605 348 715 387 1113111
723 345 746 389 ’.
775 369 830 375 —
861 349 1074 387 Postremo
1118 354 1379 399 praeceptum
1420 346 1615 387 Uarronis

144 421 197 458 de
227 418 445 456 litterarum
473 418 703 456 nominibus
743 423 946 456 seruatum
990 422 1054 455 est
1086 429 1319 466 quanquam
1348 417 1617 467 posteriorum

143 492 371 537 temporum
401 485 688 524 additamentis
704 490 932 536 corruptum
963 485 1072 535 apud
1090 484 1271 535 Sergium
1301 484 1361 523 IV
1390 497 1430 535 p.
1450 494 1544 532 520,
1567 483 1615 527 18

143 554 204 592 his
234 554 386 593 uerbis:
418 550 571 592 ‘Uarro
605 554 699 591 dicit
715 559 992 591 consonantes
1014 553 1067 590 ab
1097 566 1121 590 e
1141 553 1293 591 debere
1313 554 1490 603 incipere
1510 564 1616 603 quae

143 621 409 660 semiuocales
450 626 543 659 sunt
570 626 614 658 et
643 620 685 657 in
714 633 739 657 e
771 620 925 657 debere
968 620 1157 657 desinere
1201 631 1307 668 quae
1342 625 1479 657 mutae
1511 625 1614 657 sunt.

143 689 246 727 Ideo
276 688 370 726 illae
402 688 497 739 quia
525 700 610 725 non
640 688 692 725 ab
722 701 747 725 e
775 688 969 737 incipiunt
997 699 1133 737 neque
1161 687 1203 724 in
1231 700 1256 724 e
1286 688 1489 732 desinunt,
1519 699 1615 737 pos-

143 762 236 795 sunt
264 756 349 807 pati
377 756 633 800 calumniam,
677 760 721 793 ut
755 767 832 793 nec
867 755 1027 793 litterae
1056 755 1272 793 uideantur
1312 761 1380 793 aut
1422 767 1508 793 non
1537 756 1616 793 sint

141 824 399 863 necessariae
429 830 473 862 ut
504 829 597 862 sunt
625 824 667 862 in
697 824 1005 863 semiuocalibus
1036 837 1062 862 x
1091 830 1134 862 et
1162 837 1195 862 z.
1255 823 1349 862 Non
1384 824 1492 862 enim
1522 829 1615 862 sunt

139 893 410 938 necessariae,
440 905 535 931 nam
565 893 745 943 duplices
776 898 882 938 sunt,
919 893 1013 943 quja
1042 905 1093 931 ex
1122 893 1207 931 aliis
1238 893 1376 931 litteris
1405 893 1490 930 fieri
1519 904 1612 942 pos-

141 967 246 1000 sunt.
305 960 369 999 Ex
398 961 517 999 mutis
559 965 820 999 remouentur
854 966 1020 1011 propter
1053 961 1161 999 illam
1190 972 1311 1010 quam
1348 960 1521 1018 diximus
1550 973 1612 998 ra—

140 1030 294 1067 tionem
323 1029 349 1067 h
376 1029 403 1067 k
432 1042 476 1080 q:
506 1029 532 1067 h
568 1030 679 1080 quod
709 1030 902 1079 aspiratio
931 1029 995 1074 sit,
1024 1041 1109 1067 non
1140 1029 1290 1068 littera:
1322 1028 1348 1066 k
1376 1034 1418 1065 et
1448 1040 1474 1078 q
1503 1029 1612 1073 ideo,

141 1098 252 1148 quod
296 1110 318 1136 c
363 1097 498 1136 littera
542 1097 683 1136 harum
724 1097 856 1135 locum
900 1097 1031 1148 possit
1076 1092 1272 1147 implere'.
1332 1095 1485 1135 Clarius
1522 1095 1613 1134 Ser-

139 1166 227 1205 uius
251 1165 310 1202 IV
337 1178 376 1215 p.
396 1177 492 1213 422,
518 1176 564 1213 15
595 1164 790 1203 Uarronis
811 1167 977 1204 nomine
1006 1166 1178 1203 omisso:
1210 1162 1501 1203 ‘Semiuocales
1519 1169 1613 1201 sunt

140 1238 312 1282 septem,
343 1245 449 1284 quae
478 1233 534 1271 ita
566 1232 833 1283 proferuntur,
878 1238 923 1271 ut
951 1232 1145 1271 inchoent
1173 1232 1225 1270 ab
1254 1245 1278 1270 e
1307 1232 1438 1270 littera
1468 1236 1511 1269 et
1540 1232 1612 1269 de-

140 1301 274 1339 sinant
300 1301 342 1338 in
361 1301 587 1338 naturalem
606 1313 765 1347 sonum,
795 1306 839 1338 ut
871 1301 917 1339 ef
940 1302 978 1339 el
1002 1314 1070 1338 em
1100 1312 1152 1337 en
1181 1313 1226 1338 er
1242 1312 1287 1338 es
1317 1300 1368 1339 ix.
1401 1299 1483 1337 Sed
1503 1312 1528 1336 x
1558 1300 1610 1337 ab

138 1368 151 1406 1
178 1368 344 1406 inchoat
381 1373 424 1406 et
452 1369 621 1406 duarum
657 1369 969 1406 consonantium
1011 1368 1188 1417 fungitur
1231 1364 1341 1405 loco'
1374 1398 1382 1407 .
1414 1398 1423 1407 .
1455 1399 1463 1407 .
1494 1367 1611 1405 Idem

139 1446 211 1484 32:
257 1431 416 1473 ‘Mutae
462 1441 555 1474 sunt
593 1449 756 1482 nouem,
801 1447 905 1486 quae
949 1436 1105 1473 debent
1147 1436 1339 1473 inchoare
1383 1447 1408 1472 a
1437 1434 1611 1472 naturali

139 1514 242 1540 sono
272 1508 315 1540 et
346 1502 388 1540 in
417 1503 603 1541 uocalem
646 1517 671 1541 e
702 1503 875 1542 litteram
910 1504 1113 1549 desinere,
1153 1509 1196 1541 ut
1233 1504 1259 1540 b
1289 1516 1316 1553 g
1346 1509 1389 1541 et
1418 1503 1608 1552 reliquae.

138 1570 201 1608 Ex
232 1571 374 1620 quibus
404 1576 501 1617 tres,
532 1572 724 1621 quoniam
756 1584 841 1610 non
871 1572 1063 1610 desinunt
1092 1572 1133 1610 in
1155 1585 1192 1619 e,
1223 1571 1508 1610 contumeliam
1537 1582 1609 1620 pa·
1634 1569 1637 1570 ⁷

137 1637 296 1683 tiuntur,
326 1637 352 1674 h
381 1638 408 1674 k
439 1649 477 1687 q.
536 1638 577 1675 H
602 1650 626 1675 a
654 1639 857 1689 plerisque
883 1639 1168 1689 adspirationis
1199 1644 1312 1683 nota,
1343 1650 1368 1675 a
1405 1638 1608 1687 plerisque

137 1716 369 1743 consonans
401 1705 585 1747 habetur.
645 1706 684 1744 K
711 1719 810 1745 uero
841 1712 884 1745 et
914 1719 940 1757 q
971 1707 1087 1745 aliter
1109 1719 1186 1745 nos
1216 1707 1374 1757 utimur,
1405 1706 1521 1744 aliter
1546 1706 1608 1744 usi

138 1778 232 1810 sunt
260 1773 435 1812 maiores
465 1775 606 1813 nostri.
648 1774 836 1823 Namque
865 1774 920 1812 illi
941 1775 1289 1824 quotienscunque
1319 1787 1344 1812 a
1362 1775 1609 1824 sequebatur

137 1839 163 1878 k
191 1841 503 1892 praeponebant
530 1842 572 1880 in
601 1842 712 1880 omni
737 1847 855 1893 parte
885 1842 1090 1889 orationis,
1131 1848 1175 1880 ut
1214 1841 1341 1893 kaput
1370 1847 1414 1880 et
1443 1841 1606 1890 similia3

126 1900 211 1945 'nos
239 1921 337 1947 uero
358 1921 442 1947 non
470 1921 707 1959 usurpamus
731 1910 757 1947 k
777 1911 947 1948 litteram
976 1911 1052 1948 nisi
1080 1911 1121 1947 in
1140 1910 1419 1948 Kalendarum
1441 1910 1608 1947 nomine

136 1965 363 2013 scribendo.
421 1976 608 2026 Itemque
640 1977 694 2015 illi
725 1989 750 2028 q
790 1978 1115 2028 praeponebant,
1161 1978 1349 2028 quotiens
1393 1991 1420 2015 u
1464 1989 1607 2027 seque-

134 2044 263 2088 batur,
293 2056 370 2081 nos
399 2056 497 2081 uero
527 2057 612 2082 non
641 2057 856 2094 possumus
885 2057 911 2094 q
940 2057 1210 2095 praeponere,
1241 2046 1318 2083 nisi
1349 2051 1389 2082 et
1413 2058 1440 2083 u
1461 2057 1607 2094 sequa-

134 2115 198 2147 tur
239 2115 283 2148 et
310 2116 405 2160 post
433 2111 565 2161 ipsam
594 2112 672 2149 alia
700 2112 866 2158 uocalis,
909 2118 952 2150 ut
978 2109 1212 2162 ⁴quoniam’.
1272 2113 1417 2151 Fusius
1449 2113 1501 2150 de
1531 2112 1609 2151 hac

134 2191 178 2216 re
207 2177 423 2228 Pompeius
453 2178 492 2215 V
535 2192 575 2229 p.
613 2190 683 2217 101
726 2180 822 2230 egit.
883 2179 986 2218 Cum
1030 2181 1220 2225 traditum
1262 2194 1348 2218 non
1392 2181 1444 2218 sit
1487 2193 1609 2230 quem

135 2250 342 2283 auctorem
370 2245 500 2284 Uarro
530 2247 570 2284 in
599 2246 676 2284 hac
704 2258 747 2284 re
778 2253 939 2285 secutus
969 2248 1032 2300 sit,
1070 2260 1154 2286 non
1184 2249 1272 2286 sine
1301 2260 1426 2287 causa
1456 2248 1608 2287 littera-

134 2326 220 2352 rum
245 2314 454 2352 nominum
481 2314 714 2352 Latinarum
733 2315 988 2353 inuentorem
1018 2316 1150 2367 ipsum
1164 2315 1396 2355 Uarronem
1426 2317 1607 2355 dicemus

134 2381 326 2430 quoniam
353 2381 511 2419 illorum
539 2383 748 2420 nominum
776 2383 879 2420 ratio
909 2384 1010 2423 mire
1040 2396 1132 2422 cum
1151 2383 1348 2423 Uarronis
1383 2386 1437 2423 de
1465 2386 1606 2423 litteris

134 2448 319 2486 doctrina
361 2454 557 2498 congruat
599 2461 733 2498 neque
776 2450 881 2487 inter
913 2450 1146 2489 Lucilianae
1174 2453 1313 2502 poesis
1343 2458 1530 2502 tempora
1565 2458 1609 2490 et

133 2513 375 2554 Uarroniani
402 2514 489 2554 libri
517 2516 570 2554 de
589 2516 830 2566 antiquitate
850 2517 1072 2557 litterarum
1097 2520 1300 2558 exstiterit
1320 2521 1606 2569 grammaticus

130 2717 304 2756 dicuntur,
332 2718 427 2760 quod
454 2729 533 2751 esse
557 2720 710 2752 ostendit
736 2721 850 2753 Uarro
881 2721 918 2753 in
942 2723 981 2754 II
1012 2723 1057 2754 de
1092 2723 1298 2766 antiquitate
1323 2724 1519 2756 litterarum
1545 2724 1606 2755 do-

130 2785 213 2808 cens
237 2776 360 2818 lingua
383 2777 642 2811 Chaldaeorum
668 2780 884 2821 singularum
908 2782 1049 2815 nomina
1061 2782 1257 2816 litterarum
1275 2784 1321 2817 ad
1339 2794 1458 2817 earum
1474 2784 1603 2818 formas

131 2843 210 2867 esse
235 2834 341 2869 facta’
366 2846 394 2869 e.
423 2847 455 2880 q.
484 2848 511 2871 s,
