1894 3403
959 215 1011 264 83

251 336 472 388 πειρατικὰ
516 337 800 379 συνίστασθαι
830 337 1018 390 Τρύφων
1065 336 1203 388 αἴτιος
1235 336 1423 388 κατέστη
1471 336 1539 378 καὶ
1582 334 1607 387 ἡ
1639 336 1725 377 τῶν

250 404 462 456 βασιλέων
484 405 679 449 οὐδένεια
709 408 795 449 τῶν
824 405 922 448 τότε
954 407 1000 448 ἐκ
1024 407 1231 458 διαδοχῆς
1265 404 1613 447 ἐπιστατούντων
1644 406 1722 456 τῆς

250 472 407 525 Συρίας
439 472 524 525 ἅμα
569 475 636 516 καὶ
672 477 750 527 τῆς
783 475 1005 527 Κιλικίας.
1038 510 1045 517 .
1079 509 1087 517 .
1120 474 1370 529 Συνήργουν
1413 471 1449 516 δ’
1489 472 1551 526 εἰς
1588 474 1722 515 ταῦτα

250 540 318 581 καὶ
354 540 393 582 οἱ
438 545 515 593 τῆς
561 542 727 595 Κύπρου
775 544 843 584 καὶ
889 543 928 585 οἱ
973 545 1051 594 τῆς
1082 542 1295 592 Αἰγύπτου
1341 543 1531 594 βασιλεῖς
1577 540 1722 592 ἐχθροὶ

250 610 340 660 τοῖς
372 609 528 662 Σύροις
559 609 700 662 ὄντες·
747 610 837 653 οὐδ’
872 610 918 652 οἱ
949 610 1134 652 Ῥόδιοι
1183 611 1229 652 δὲ
1268 610 1386 663 φίλοι
1425 608 1539 661 ἦσαν
1570 608 1719 659 αὐτοῖς

250 675 351 718 ὥστ’
388 676 516 719 οὐδὲν
546 678 770 730 ἐβοήθουν·
803 678 889 730 ἅμα
919 679 966 720 δὲ
996 679 1064 719 καὶ
1095 678 1134 719 οἱ
1166 678 1319 733 λῃσταὶ
1355 677 1721 729 προσποιούμενοι

250 747 600 797 σωματεμπορεῑν
644 745 801 788 ἄλυτον
851 746 928 797 τὴν
979 745 1239 797 κακουργίαν
1292 744 1422 797 εἶχον.
1474 743 1581 787 Ἀλλ’
1615 744 1719 786 οὐδὲ

249 811 445 863 Ῥωμαῖοί
489 827 556 853 πω
601 815 814 854 τοσοῦτον
859 813 1112 864 ἐφρόντιζον
1156 815 1244 853 τῶν
1288 812 1368 855 ἔξω
1412 814 1489 853 τοῦ
1534 811 1720 862 Ταύρου,

250 877 353 921 ἀλλ’
400 878 643 931 ἔπεμψαν
689 880 780 932 μὲν
819 880 901 922 καὶ
947 879 1204 922 Σκιπίωνα
1251 879 1342 921 τὸν
1389 878 1721 931 Αἰμιλιανὸν

250 946 591 997 ἐπισκεψόμενον
645 948 698 988 τὰ
739 947 838 998 ἔθνη
870 948 938 988 καὶ
984 948 1061 999 τὰς
1107 948 1256 998 πόλεις
1295 947 1364 988 καὶ
1400 946 1528 988 πάλιν
1558 946 1719 998 ἄλλους

249 1014 380 1067 τινάς,
412 1013 609 1065 ἔγνωσαν
640 1016 686 1057 δὲ
708 1015 833 1070 κακίᾳ
853 1017 939 1058 τῶν
971 1015 1193 1068 ἀρχόντων
1215 1017 1452 1068 συμβαῖνον
1472 1016 1601 1057 τοῦτο
1632 1016 1718 1057 κτλ.

250 1082 353 1120 Cum
384 1085 546 1121 aliunde
576 1091 717 1122 notum
746 1087 797 1123 sit
819 1086 1051 1136 Scipionem
1084 1087 1206 1124 fuisse
1239 1093 1282 1123 et
1323 1087 1363 1123 in
1385 1086 1575 1135 Aegypto
1607 1092 1648 1122 et
1678 1086 1718 1122 in

250 1151 363 1201 Syria
400 1158 441 1190 et
472 1151 600 1202 Cypri,
634 1153 774 1191 Lucilii
818 1166 937 1192 uersu
983 1154 1131 1192 collato
1175 1166 1265 1191 cum
1312 1154 1370 1191 eis
1421 1165 1526 1203 quae
1571 1152 1718 1190 Strabo

249 1221 372 1256 tradit
417 1221 561 1268 colligo
606 1222 729 1258 etiam
779 1222 966 1259 Rhodios
990 1220 1021 1270 ¹)
1065 1235 1157 1259 eum
1206 1223 1369 1260 adiisse.
1421 1242 1471 1247 —
1516 1220 1711 1258 Ceterum

250 1287 465 1325 Ecbatana
495 1293 536 1324 et
568 1288 750 1337 Babylon
780 1290 884 1338 regis
917 1289 1103 1338 Syrorum
1140 1290 1208 1326 illo
1246 1295 1427 1338 tempore
1460 1300 1544 1325 non
1581 1294 1712 1331 erant,

250 1367 342 1392 cum
360 1355 582 1404 Babylonia
613 1362 654 1393 et
675 1357 815 1394 Media
845 1358 924 1395 iam
955 1363 1078 1395 antea
1109 1370 1133 1394 a
1163 1357 1404 1394 Parthorum
1426 1368 1524 1405 rege
1546 1355 1715 1393 Mithra-

250 1424 350 1460 date
370 1423 388 1459 Ι
419 1429 681 1473 expugnatae
713 1430 863 1470 essent,
894 1425 960 1473 qui
981 1436 1108 1473 usque
1129 1425 1183 1461 ad
1205 1424 1443 1473 Euphraten
1470 1424 1584 1473 regni
1615 1423 1715 1460 fines

252 1491 496 1538 protulerat:
535 1491 642 1529 conf.
675 1491 800 1528 Iustin
832 1492 926 1528 XLI
957 1491 982 1528 6
1014 1491 1132 1528 Oros.
1163 1491 1201 1527 V
1230 1502 1268 1539 4,
1305 1491 1352 1528 16
1386 1491 1517 1528 Strab.
1549 1504 1589 1541 p.
1621 1491 1715 1539 669.

252 1557 482 1595 Mommsen
517 1558 565 1596 R.
604 1558 653 1597 G.
693 1558 730 1595 11
766 1571 804 1608 p.
844 1558 891 1596 61
916 1557 958 1609 ²).
1023 1559 1248 1596 Antiochus
1291 1558 1360 1597 VI.
1411 1557 1573 1596 Sidetes
1619 1558 1714 1597 Pius

252 1624 440 1674 Syrorum
470 1638 541 1663 rex
572 1638 679 1663 anno
701 1625 887 1675 624l13o
915 1639 1006 1664 cum
1035 1626 1148 1663 initio
1168 1626 1300 1663 Marte
1332 1626 1437 1663 felici
1460 1626 1711 1675 Babylonem

251 1700 534 1743 recuperasset
571 1693 809 1743 Parthisque
852 1700 1014 1744 praeter
1054 1695 1206 1743 patrios
1251 1694 1351 1731 fines
1397 1699 1525 1731 terras
1570 1705 1713 1731 omnes

253 1762 513 1811 dempsisset,
544 1767 753 1811 postremo
770 1774 795 1799 a
814 1761 987 1800 Prahate
1010 1762 1249 1799 Parthorum
1274 1773 1369 1810 rege
1385 1762 1517 1799 uictus
1548 1762 1717 1799 cecidit:

252 1828 409 1877 (Iustin.
453 1828 673 1865 XXXVIII
719 1839 766 1865 10
802 1828 970 1868 Diodor.
1010 1828 1184 1865 XXXIV
1225 1825 1430 1877 15—17.)
1491 1828 1716 1865 Adnotabo

249 1897 426 1945 denique
468 1897 524 1933 ad
564 1896 733 1934 formam
780 1896 1017 1934 Ecbatanam
1059 1902 1222 1947 praeter
1256 1907 1351 1933 eum
1394 1907 1515 1944 quem
1545 1895 1714 1933 Mueller

249 1964 380 2001 attulit
426 1965 571 2009 locum,
612 1964 809 2002 Ptolemai
845 1965 970 2002 uerba
1010 1965 1108 2001 VIII
1150 1975 1214 2009 21,
1256 1975 1281 2013 9
1319 1960 1345 2011 ἡ
1384 1962 1431 2003 δὲ
1476 1960 1716 2013 Ἐκβάτανα

248 2029 325 2080 τὴν
370 2029 572 2081 μεγίστην
620 2028 782 2081 ἡμέραν
826 2029 912 2081 ἔχει
956 2031 1042 2071 κτλ.
1091 2038 1214 2080 atque
1253 2030 1387 2069 Orosii
1419 2031 1456 2068 V
1492 2042 1552 2076 10,
1586 2031 1610 2069 8
1647 2031 1714 2069 ubi

249 2101 423 2137 eaedem
464 2101 571 2137 duae
603 2100 723 2137 urbes
761 2112 842 2138 una
881 2100 1136 2149 appellantur
1175 2100 1280 2137 sicut
1320 2101 1361 2136 in
1398 2111 1519 2136 uersu
1548 2099 1714 2137 Lucilii:

248 2164 258 2178 ‘
272 2167 424 2205 Iisdem
448 2167 695 2217 temporibus
706 2165 738 2214 3)
770 2167 994 2204 Antiochus
1025 2179 1108 2204 non
1130 2172 1347 2204 contentus
1369 2166 1583 2215 Babylona
1606 2171 1720 2215 atque

251 2234 454 2272 Ecbatana
484 2241 656 2284 totoque
676 2235 842 2273 Mediae
876 2236 1043 2284 imperio
1074 2236 1274 2273 aduersus
1305 2234 1523 2272 Phraatem
1547 2234 1717 2272 Partho-

248 2314 333 2339 rum
362 2314 501 2350 regem
531 2314 774 2357 congressus
806 2308 847 2339 et
875 2303 1005 2339 uictus
1038 2308 1100 2339 est
1111 2299 1132 2340 '.

383 2431 409 2476 ¹)
434 2433 488 2463 Ex
524 2420 681 2474 tempo⁵⁶re
718 2432 807 2463 belli
833 2432 1054 2464 Macedonici
1092 2432 1185 2463 tertii
1224 2431 1337 2463 multa
1378 2431 1543 2463 exstitere
1584 2430 1711 2473 populi

249 2490 406 2523 Romani
437 2491 640 2523 turbulenta
671 2502 748 2523 cum
781 2490 937 2523 Rhodiis
970 2490 1113 2532 negotia
1143 2501 1213 2533 qua
1244 2490 1289 2522 de
1320 2500 1357 2521 re
1391 2490 1485 2522 conf.
1512 2490 1713 2521 Mommsen

248 2551 296 2583 R.
322 2551 364 2582 G.
390 2550 408 2581 Ι
433 2561 467 2592 p.
496 2557 680 2600 771—773
706 2551 743 2581 II
767 2561 801 2592 p.
829 2550 885 2590 64.

384 2607 410 2653 2)
436 2611 543 2641 Anno
568 2609 640 2641 fere
666 2608 834 2651 616l138:
862 2608 955 2649 conf.
969 2607 1125 2640 Mueller
1141 2607 1229 2650 frag.
1248 2607 1330 2641 hist.
1350 2607 1410 2641 Gr.
1430 2609 1467 2640 II
1484 2619 1517 2652 p.
1536 2608 1615 2641 XX
1632 2608 1720 2641 Dio-

249 2669 324 2702 dor.
352 2668 406 2701 ed.
436 2668 593 2699 Dindorf
615 2668 686 2701 uol.
716 2669 751 2700 V
774 2668 871 2711 Lips.
902 2668 990 2700 1868
1016 2679 1049 2710 p.
1066 2668 1214 2701 XXIV.

383 2726 411 2771 ³)
437 2726 579 2759 Scilicet
611 2727 701 2759 inter
727 2727 766 2760 P.
791 2726 968 2759 Licinium
1006 2737 1078 2760 cos.
1106 2727 1256 2769 623l131
1288 2733 1322 2760 et
1347 2727 1543 2760 Aemiliani
1569 2731 1720 2759 mortem

248 2797 339 2819 anno
379 2787 531 2829 625l129
572 2785 691 2830 (Oros.
718 2787 817 2830 1.1.).
858 2805 900 2810 -
940 2787 1090 2820 Orosius
1130 2788 1231 2819 etiam
1264 2788 1318 2819 VI
1351 2797 1383 2829 4,
1419 2796 1439 2826 9
1481 2788 1720 2826 Ecbatanam,

249 2845 473 2889 Babylonam
500 2850 534 2878 et
554 2843 901 2889 Babylona‘sormas
929 2846 1062 2889 passim
1087 2851 1240 2889 usurpat.
