1894 3403
946 202 994 243 73

242 317 483 356 monstrauit
514 318 748 357 Mommsen
780 316 880 358 CIL.
910 319 928 356 Ι
957 332 997 369 p.
1031 329 1096 368 55,
1134 318 1293 356 duobus
1331 317 1398 356 uel
1440 317 1568 355 tribus
1601 316 1718 356 annis

241 390 339 421 ante
360 385 519 422 Albucii
549 397 725 423 causam.
793 386 929 423 Testis
964 387 1128 423 uidetur
1166 398 1259 423 esse
1290 385 1484 423 Aemilius
1526 398 1564 423 u.
1600 395 1651 432 55
1683 386 1717 422 L

245 463 294 491 22
326 452 382 499 M,
412 453 507 491 item
543 459 668 492 testes
712 454 863 492 oculati
903 453 1132 493 Postumius
1172 453 1502 503 Hortensiusque
1532 465 1568 493 u.
1599 462 1650 501 42
1683 452 1716 491 L

248 531 290 557 11
326 521 382 559 M.
415 521 688 559 Perorationis
713 522 868 560 Albucii
896 528 1055 572 partem
1081 522 1209 560 habes
1243 522 1289 559 fr.
1312 522 1369 559 VI
1399 522 1468 559 ubi
1488 522 1615 559 uerba
1636 534 1713 558 non

242 590 327 627 dico
355 595 465 628 recte
496 602 540 627 se
570 590 736 635 habent,
768 603 867 628 num
899 591 1032 628 uz'ncat
1057 592 1298 629 mutandum
1335 591 1386 629 sit
1431 590 1574 628 dubito
1617 589 1711 639 quia

242 657 338 707 quid
379 658 420 694 in
464 671 528 696 uu.
558 659 900 708 praecedentibus
944 659 1073 709 fuerit,
1115 660 1325 698 incertum.
1384 659 1581 696 Fortasse
1612 658 1713 696 dixit

243 729 433 767 Albucius
465 740 558 767 sese
588 730 762 768 moleste
783 741 867 767 non
895 730 1068 767 laturum
1098 741 1191 767 esse
1224 728 1256 766 si
1277 740 1513 778 quanquam
1542 727 1709 765 crimine

244 799 416 837 hominis
445 800 581 837 necati
612 799 667 847 (u.
700 800 752 849 63
784 800 817 837 L
849 810 873 849 9
902 798 962 849 M)
1003 810 1223 849 oppressus
1263 798 1405 848 capitis
1442 809 1621 847 poenam
1651 795 1711 833 ef-

245 867 373 917 fugiat
402 874 444 906 et
474 868 600 906 exsilii
629 880 753 907 causa
784 867 915 906 solum
947 872 1081 905 uertat
1122 867 1440 917 repetundarum
1472 865 1712 902 damnatus:

245 937 356 985 quod
387 949 512 985 saepe
544 937 742 974 accidisse
772 942 915 973 notum
946 942 1008 973 est
1038 948 1089 972 ex
1119 947 1241 972 causa
1271 934 1428 972 Albucii
1457 933 1581 983 ipsius
1602 945 1712 970 anno

242 1003 425 1053 651l103
465 1003 573 1041 dicta
587 999 633 1054 ¹),
677 1015 727 1040 ex
757 1003 887 1041 causis
920 999 1097 1055 Rutilii2)
1137 1002 1275 1041 Uerris
1307 1001 1489 1046 aliorum,
1534 1001 1600 1051 qui
1644 1006 1713 1037 aut

244 1072 427 1109 damnati
457 1073 778 1121 repetundarum
808 1073 848 1109 in
879 1072 1061 1109 exsilium
1090 1072 1222 1109 ierunt
1251 1077 1321 1108 aut
1341 1069 1607 1108 damnatione
1628 1082 1712 1106 non

243 1143 483 1188 exspectata
510 1138 608 1176 urbe
649 1143 878 1176 cesserunt:
922 1139 974 1176 de
1005 1139 1150 1176 talibus
1185 1138 1262 1175 reis
1304 1137 1412 1176 conf.
1447 1137 1582 1186 legem
1612 1136 1709 1175 Acil.

247 1203 269 1255 ξ
297 1217 359 1254 20.
419 1207 583 1244 Etenim
621 1219 719 1245 num
748 1208 1065 1256 repetundarum
1104 1207 1285 1245 damnati
1315 1206 1456 1244 exsilio
1493 1211 1537 1242 ut
1566 1205 1707 1242 multa-

243 1281 379 1312 rentur
409 1274 500 1324 lege
530 1275 658 1313 Acilia
686 1280 881 1313 statutum
912 1275 1040 1320 fuerit,
1088 1287 1138 1311 ex
1183 1274 1416 1324 fragmentis
1448 1286 1533 1311 non
1564 1273 1707 1323 liquet;

243 1347 336 1380 sunt
375 1344 441 1393 qui
482 1355 566 1381 non
596 1344 807 1383 dubitent:
867 1343 972 1383 conf.
1004 1343 1108 1381 Rein
1153 1343 1195 1380 in
1226 1341 1365 1393 Paulyi
1391 1341 1706 1392 Realencyclop.

242 1422 272 1449 s.
303 1423 339 1448 u.
378 1410 716 1460 Repetundarum
748 1412 921 1450 crimen:
967 1417 1060 1448 sunt
1090 1412 1155 1460 qui
1187 1411 1352 1448 omnino
1382 1421 1562 1459 unquam
1592 1421 1708 1459 repe-

243 1479 460 1516 tundarum
490 1490 582 1516 reos
614 1479 756 1517 exsilio
784 1491 876 1517 esse
906 1479 1098 1517 multatos
1127 1484 1280 1529 negent
1312 1476 1479 1527 (Zumpt
1502 1476 1708 1516 Abhandl.

249 1546 287 1584 d.
319 1545 359 1584 k.
377 1546 425 1585 A.
457 1547 496 1586 d.
518 1546 579 1586 W.
613 1560 645 1586 z,
677 1547 780 1586 Berl.
818 1546 919 1596 1845
952 1560 989 1597 p.
1008 1558 1056 1595 41
1091 1547 1302 1584 Drumann
1328 1545 1379 1583 G.
1397 1545 1446 1584 R.
1471 1545 1512 1582 ΙΙ
1534 1557 1574 1594 p.
1595 1541 1707 1593 489).

375 1612 470 1651 Duo
515 1614 744 1664 fragmenta
784 1614 842 1652 IV
881 1621 922 1653 et
950 1614 987 1651 V
1030 1620 1187 1653 restant
1231 1614 1489 1664 explicanda,
1539 1624 1710 1662 quorum

240 1682 349 1731 prius
380 1686 423 1719 ul
450 1683 537 1720 iure
558 1684 713 1732 peritus
744 1696 866 1733 quam
896 1684 1003 1721 bene
1034 1684 1088 1720 ad
1103 1683 1280 1721 thium
1304 1672 1500 1720 referatur
1529 1678 1708 1730 uides³):

240 1749 412 1787 alterum

377 1940 401 1982 ¹)
426 1940 498 1974 Cic.
526 1941 571 1974 de
597 1941 654 1976 off.
681 1943 717 1975 II
744 1949 787 1985 50
813 1943 916 1976 Tusc.
941 1943 977 1975 V
1000 1942 1065 1975 108
1091 1953 1154 1986 pro
1181 1941 1310 1975 Scauro
1337 1949 1393 1983 40.

377 2000 403 2040 2>
432 2001 503 2034 Cic.
532 2002 576 2033 de
602 2007 670 2034 nat.
698 2003 793 2034 deor.
820 2004 875 2034 ΙΙΙ
903 2003 946 2036 80
972 2014 1035 2045 pro
1060 2004 1190 2035 Scauro
1215 2003 1233 2033 I
1259 2010 1279 2033 2
1307 2007 1340 2034 et
1363 2001 1507 2044 passim.

373 2057 399 2099 3)
426 2059 534 2091 Mucii
558 2070 680 2092 omnes
713 2060 794 2093 iuris
826 2061 1014 2104 prudentia
1040 2060 1277 2093 excellebant:
1330 2061 1417 2092 Hor.
1453 2070 1508 2102 ep.
1535 2059 1572 2090 11
1594 2066 1625 2097 2,
1652 2058 1709 2097 89.

240 2117 295 2149 De
321 2118 428 2150 Mucii
454 2119 594 2160 auguris
621 2120 748 2152 eximia
772 2120 856 2153 iuris
884 2120 1029 2153 scientia
1053 2120 1161 2152 multa
1187 2119 1320 2157 Cicero,
1346 2118 1445 2151 uelut
1471 2117 1515 2149 de
1541 2128 1593 2149 or.
1619 2117 1636 2148 Ι
1653 2116 1709 2149 66.

242 2183 322 2217 234.
350 2184 430 2219 250.
455 2177 557 2220 lconf.
584 2186 641 2219 39.
681 2179 756 2221 165.
789 2180 885 2212 Brut.
917 2187 992 2212 102.
1028 2187 1106 2211 212.
1132 2197 1175 2202 —
1204 2178 1365 2210 Ceterum
1396 2189 1431 2210 u.
1470 2178 1626 2210 obsceno
1668 2184 1709 2219 52

239 2235 270 2267 L
296 2244 336 2269 21
367 2238 407 2269 M

436 2297 469 2328 si
495 2298 637 2330 natibus
662 2298 829 2331 natricem
853 2298 1028 2341 impressit
1048 2308 1198 2330 crassam
1224 2302 1258 2330 et
1284 2298 1469 2340 capitatam

239 2355 335 2397 quod
359 2355 486 2387 amoris
514 2356 660 2398 puerilis
687 2357 896 2389 Scaeuolam
924 2357 1035 2398 arguit
1058 2357 1229 2389 Albucius
1258 2362 1292 2389 et
1316 2369 1349 2389 u.
1375 2357 1435 2389 ino
1462 2358 1506 2398 63
1533 2358 1564 2389 L
1591 2365 1612 2397 9
1638 2358 1675 2388 M

439 2414 648 2458 impuratum
674 2415 767 2448 hunc
792 2417 828 2448 in
853 2417 971 2449 fauces
996 2416 1136 2449 inuasse
1162 2417 1381 2459 animamque

445 2475 581 2507 elisisse
606 2475 660 2507 illi

240 2536 333 2578 quod
351 2536 542 2574 homicidii,
568 2535 656 2567 haec
674 2535 793 2577 quanti
810 2535 976 2567 habenda
991 2536 1068 2578 sint,
1097 2536 1260 2569 discimus
1279 2546 1297 2568 e
1317 2537 1388 2570 Cic.
1406 2547 1470 2580 pro
1490 2538 1626 2570 Fontei.
1643 2546 1688 2580 37
1704 2548 1710 2570 :

241 2597 383 2639 ‘Ecquis
408 2608 560 2640 unquam
588 2608 679 2640 reus,
711 2596 914 2640 praesertim
940 2597 976 2628 in
1001 2596 1067 2628 hac
1090 2597 1182 2629 uitae
1208 2596 1341 2629 ratione
1369 2601 1527 2629 uersatus
1554 2621 1562 2629 .
1590 2622 1597 2629 .
1626 2623 1633 2630 .
1661 2598 1710 2630 sic

237 2643 423 2687 accusatus
453 2661 517 2694 est,
545 2661 582 2687 ut
608 2656 742 2688 nullum
760 2656 938 2698 probrum,
965 2656 1098 2688 nullum
1124 2657 1270 2694 facinus,
1297 2656 1389 2688 nulla
1403 2657 1594 2699 turpitudo,
1621 2667 1709 2699 quae

239 2726 258 2747 a
291 2715 448 2748 lubidine
481 2720 539 2748 aut
573 2727 591 2748 a
616 2715 811 2759 petulantia
836 2721 893 2748 aut
928 2716 972 2748 ab
1005 2716 1151 2748 audacia
1178 2721 1259 2748 nata
1294 2720 1399 2755 esset,
1431 2716 1475 2749 ab
1509 2721 1709 2749 accusatore

239 2775 447 2819 obiceretur,
475 2776 504 2808 si
532 2786 604 2808 non
628 2786 724 2815 uera,
751 2781 785 2809 at
810 2776 995 2809 commode
1021 2776 1109 2818 ficta
1129 2787 1206 2809 curn
1232 2777 1350 2820 aliqua
1375 2777 1510 2810 ratione
1538 2788 1578 2811 ac
1596 2778 1709 2822 suspi-

239 2832 376 2868 cione?’
404 2845 434 2866 e.
462 2845 495 2877 q.
521 2845 547 2867 s.
