1894 3403
916 299 970 338 90

194 415 404 452 ordinibus
435 421 593 463 ageret,
639 417 748 453 uelut
779 418 819 453 in
860 417 965 454 haec
1004 423 1189 467 tempora
1226 417 1418 465 scriptam
1448 417 1488 453 in
1520 420 1666 453 senatu

193 478 414 519 recitauit’.
477 481 595 519 Conf.
619 482 731 521 Suet.
754 482 857 532 Aug.
880 482 933 532 89
963 479 1131 521 ‘Libros
1159 488 1270 521 totos
1302 488 1344 520 et
1375 483 1536 520 senatui
1567 480 1666 519 reci-

195 549 300 586 tauit
330 554 373 585 et
401 549 553 598 populo
589 555 712 587 notos
751 562 823 599 per
859 550 1040 587 edictum
1071 561 1196 599 saepe
1228 549 1340 593 fecit,
1384 555 1429 587 ut
1459 550 1668 598 orationes

194 616 245 664 Q.
276 616 431 654 Metelli
462 616 515 654 de
546 616 662 666 prole
693 612 925 667 augenda’.
987 616 1196 656 Gell.16:
1237 613 1395 654 ‘Multis
1427 622 1468 654 et
1499 615 1669 654 eruditis

193 684 288 720 uiris
319 684 580 721 audientibus
615 684 828 734 legebatur
858 685 990 723 oratio
1021 685 1174 723 Metelli
1206 684 1424 730 Numidici,
1455 684 1590 733 grauis
1621 694 1670 720 ac

197 751 337 788 diSerti
369 751 457 796 uiri,
489 763 612 801 quam
642 752 683 789 in
714 764 888 791 censura
921 747 1050 804 (anno
1086 751 1291 800 65211102)
1323 752 1426 790 dixit
1456 751 1509 790 ad
1540 761 1670 801 popu·

194 819 274 855 lum
310 819 363 855 de
409 819 609 856 ducendis
652 820 860 864 uxoribus,
900 832 991 857 cum
1029 832 1121 858 eum
1152 821 1206 858 ad
1237 819 1495 857 matrimonia
1526 829 1670 867 capes-

195 886 327 922 senda
368 883 628 925 hortaretur’.
689 886 770 924 Ubi
802 887 977 924 Gellium
1021 899 1176 924 errasse
1219 893 1260 924 et
1292 886 1546 923 Macedonici
1576 885 1671 922 scri-

195 952 379 989 bendum
413 964 506 990 esse
537 954 755 992 uerisimile
776 960 852 999 est,
884 955 1161 992 necessarium
1181 964 1266 991 non
1296 959 1381 993 est:
1414 952 1521 991 conf.
1543 951 1674 989 Meier

195 1031 252 1057 or.
284 1019 405 1057 Rom.
438 1020 554 1069 frgm.
583 1033 621 1070 p.
645 1030 710 1070 95.
741 1032 830 1071 137.
862 1021 981 1060 Nulla
1013 1021 1188 1059 fortasse
1218 1032 1282 1058 res
1314 1021 1444 1069 magis
1475 1020 1672 1057 Lucilium

196 1087 353 1136 impulit
383 1093 427 1124 ut
458 1093 617 1126 saturas
649 1089 847 1126 scriberet
868 1101 990 1139 quam
1019 1089 1087 1128 illa
1116 1088 1378 1127 Macedonici
1409 1088 1552 1135 oratio,
1585 1087 1672 1124 eius

197 1156 378 1193 censoris
411 1157 480 1205 qui
511 1156 671 1205 Lupum
701 1158 926 1207 principem
953 1163 1119 1195 senatus
1153 1157 1251 1207 legit
1282 1156 1430 1194 eodem
1462 1167 1570 1194 anno
1592 1166 1671 1204 quo

196 1223 375 1260 Lucilius
422 1224 565 1261 librum
610 1225 785 1273 primum
830 1223 870 1274 (i.
920 1238 954 1264 e.
994 1225 1154 1274 XXVI)
1200 1224 1430 1274 composuit
1473 1223 1671 1271 623s131.

197 1290 362 1328 Etenim
393 1291 434 1328 in
465 1292 655 1329 omnibus
686 1292 922 1330 Lucilianae
960 1304 1137 1342 poeseos
1168 1293 1350 1343 partibus
1381 1292 1515 1329 elucet
1546 1303 1672 1340 quan-

199 1363 344 1408 topere
375 1358 554 1397 Lucilius
585 1371 735 1397 uxores
762 1360 910 1408 oderit,
941 1360 1095 1398 amicas
1126 1365 1237 1397 amet
1269 1360 1378 1397 uelut
1406 1359 1547 1396 librum
1577 1356 1674 1395 XVI

197 1432 293 1475 post
324 1438 477 1465 annum
509 1427 698 1476 644l110
729 1429 937 1478 aliquanto
969 1429 1125 1466 editum
1157 1430 1211 1466 de
1245 1427 1406 1478 Collyra
1438 1427 1569 1465 amica
1600 1438 1673 1463 sua

198 1494 360 1543 scripsit
404 1507 536 1533 annos
578 1502 699 1534 natus
746 1508 866 1546 supra
897 1496 1025 1541 LXX,
1061 1496 1186 1543 (conf.
1217 1496 1318 1533 libro
1350 1496 1409 1533 XI
1442 1494 1678 1545 licgurthini

189 1564 312 1610 pater
332 1561 447 1599 huius
477 1568 518 1600 et
538 1562 713 1601 Mueller
732 1575 771 1613 p.
794 1574 814 1601 2
821 1573 870 1612 32
896 1563 1026 1612 edit).
1085 1562 1265 1601 Similem
1295 1558 1675 1612 εὐθυρῤημοσύνην

197 1641 296 1678 prae
320 1642 364 1667 se
387 1630 465 1668 fert
484 1632 526 1668 in
548 1632 606 1669 eis
629 1644 733 1680 quae
758 1633 811 1670 de
834 1631 1042 1680 Hymnide
1074 1637 1117 1669 et
1135 1630 1284 1670 Cretea
1306 1629 1320 1680 (
1333 1629 1472 1669 Cratea
1498 1627 1672 1674 conieci)

196 1703 334 1735 narrat
364 1697 474 1736 libris
503 1699 649 1745 ordine
679 1700 988 1750 posterioribus.
1035 1698 1189 1737 Contra
1220 1710 1391 1736 uxorum
1418 1709 1551 1736 mores
1581 1709 1673 1748 per-

194 1765 299 1803 fidos
338 1772 382 1803 et
421 1767 631 1817 improbos
667 1768 827 1817 scripsit
863 1768 964 1805 libro
995 1767 1146 1812 XXVI,
1192 1768 1377 1817 inprimis
1407 1767 1507 1805 libro
1540 1766 1670 1810 XXX,

198 1844 323 1882 quem
368 1845 419 1871 ex
450 1831 572 1872 ‘libro
603 1835 771 1873 aureolo
802 1835 1078 1886 Theophrasti
1117 1836 1170 1872 de
1200 1831 1372 1885 nuptiis’
1404 1831 1568 1884 (Senec.
1600 1833 1673 1883 frg.

196 1910 249 1949 47
281 1900 441 1952 Haase)
472 1904 718 1953 exscriptum
750 1905 988 1946 credideris,
1035 1910 1151 1941 tanto
1184 1915 1356 1940 uxorum
1387 1903 1486 1939 odio
1516 1902 1673 1951 flagrat.

198 1965 325 2014 (conf.
357 1968 535 2007 Gerlach
567 1970 667 2009 edit.
701 1982 739 2020 p.
770 1970 986 2007 LXXXIII
1017 1969 1171 2019 Corpet
1205 1981 1244 2018 p.
1282 1969 1395 2017 197);
1443 1968 1495 2005 de
1526 1979 1674 2017 puero-

197 2048 285 2073 rum
310 2042 352 2074 et
383 2038 608 2076 amicarum
639 2051 780 2076 amore
811 2039 914 2076 libro
946 2038 1085 2076 XXIX
1101 2051 1140 2088 p.
1169 2037 1244 2075 116
1271 2038 1369 2075 edit.
1403 2036 1598 2081 Mueller.,
1632 2040 1674 2073 et

198 2103 255 2142 sic
282 2105 436 2155 passim
466 2118 539 2156 per
561 2118 703 2144 omnes
725 2113 898 2151 saturas,
926 2106 1040 2143 uelut
1061 2105 1138 2143 VII
1167 2104 1267 2142 VIII
1289 2104 1367 2142 XV
1385 2103 1466 2153 446
1486 2104 1519 2142 L
1540 2115 1562 2152 3
1569 2113 1590 2153 5
1611 2103 1671 2141 M:

312 2185 404 2211 cum
435 2180 573 2212 tecum
604 2181 679 2220 est,
712 2176 910 2224 quicquid
941 2176 1041 2212 satis
1072 2181 1156 2212 est:
1189 2174 1312 2211 uisuri
1344 2173 1465 2211 alieni

310 2240 391 2278 sint
422 2241 623 2287 homines,
656 2242 807 2292 spiram
837 2242 967 2291 pallas
999 2241 1238 2279 redimicula
1268 2241 1428 2290 promit.

199 2307 390 2357 Singulos
420 2322 566 2347 uersus
605 2311 835 2348 exscribere
878 2310 1044 2358 longum
1075 2315 1156 2347 est:
1200 2310 1234 2347 si
1263 2309 1386 2346 libros
1416 2307 1554 2346 XXVI
1573 2305 1602 2355 ¹)
1633 2311 1676 2344 et

335 2519 361 2564 ¹)
393 2519 455 2552 Ad
491 2521 640 2553 eandem
673 2520 817 2553 Metelli
851 2521 895 2553 de
927 2521 1099 2554 ducendis
1130 2520 1301 2553 uxoribus
1332 2519 1525 2553 orationem
1559 2519 1674 2550 resero

197 2580 335 2612 XXVI
362 2588 430 2623 599
458 2582 487 2612 L
518 2589 557 2623 15
586 2582 626 2613 M
662 2592 703 2613 ex
735 2582 855 2613 Nonio
889 2592 922 2624 p.
952 2589 1015 2624 351
1047 2592 1151 2623 quem
1177 2581 1295 2613 locum
1334 2580 1385 2612 sic
1422 2578 1673 2622 suppleuerim:

196 2639 367 2679 ‘Mutare,
394 2640 653 2684 derelinquere.
682 2641 780 2682 Uirg.
809 2640 951 2685 [Georg.
971 2640 1032 2673 lib.
1051 2641 1102 2673 II:
1143 2638 1322 2682 exilioque
1348 2638 1473 2671 domos
1500 2641 1534 2671 et
1560 2636 1676 2670 dulcia

197 2699 320 2731 limina
357 2704 502 2733 mutant.
535 2699 709 2744 Lucilius]
737 2701 803 2733 lib.
829 2701 983 2732 XXVI:
1019 2700 1106 2732 mihi
1145 2699 1286 2742 quidem
1325 2708 1397 2730 non
1433 2697 1674 2740 persuadetur,

198 2758 343 2802 publice
377 2763 508 2792 mutem
547 2759 674 2792 meos’.
725 2760 876 2792 Publice
902 2761 1044 2792 Mercer
1070 2760 1236 2802 publices
1262 2762 1296 2789 et
1315 2758 1459 2800 pulices
1485 2756 1589 2789 codd.
1614 2755 1675 2787 ubi

196 2829 213 2850 s
231 2819 328 2851 uocis
354 2829 448 2852 meos
475 2820 708 2852 similitudine
727 2820 923 2863 appositum
942 2824 1005 2852 est.
1031 2819 1148 2857 Meos,
1175 2817 1313 2850 scilicet
1331 2827 1461 2849 mores:
1491 2815 1675 2848 amicarum

197 2887 336 2910 amores
371 2878 597 2911 matrimonio
629 2879 787 2922 praefert
822 2883 938 2922 poeta.
966 2897 1010 2903 —-
1036 2877 1191 2921 Uergilii
1216 2886 1338 2910 uersus
1365 2885 1469 2919 quem
1500 2875 1675 2907 excidisse

197 2942 283 2980 puto
311 2943 363 2970 est
390 2939 521 2980 Georg.
548 2938 584 2970 II
614 2946 692 2982 5¹¹·
