1894 3403
920 287 971 326 72

317 400 384 440 VI.
416 413 500 438 non
531 401 644 439 dico:
676 401 814 440 uincat
849 401 957 446 licet,
991 407 1034 439 et
1064 413 1192 451 uagus
1225 401 1374 446 exulet,
1406 407 1513 440 erret

423 468 551 507 exlex.

336 537 403 575 Ad
448 536 721 586 fragmentum
749 537 768 575 Ι
799 537 908 576 conf.
946 550 1053 587 quae
1085 536 1168 576 Cic.
1208 537 1250 575 in
1280 535 1453 575 Uerrem
1487 542 1679 587 repetun-

202 605 346 643 darum
384 616 497 643 reum
535 610 612 644 act.
649 605 668 642 I
701 615 862 653 12-—15
908 605 1095 643 conuicia
1138 605 1231 643 iacit
1243 601 1294 655 ¹):
1338 604 1467 642 uerba
1495 605 1680 642 nondum

203 677 349 710 sanata
380 677 485 711 sunt.
549 672 706 721 Impuro
735 673 787 710 ab
818 672 1061 722 impurando
1083 674 1251 710 ductum
1280 672 1399 722 posui
1426 684 1499 721 pro
1526 672 1680 721 impuno

203 741 316 791 quod
346 747 410 779 est
453 741 493 778 in
530 741 753 784 codicibus,
799 740 901 778 sicut
947 744 1082 789 appeto
1126 740 1272 777 comedo
1307 739 1473 777 combibe
1517 741 1680 776 accendo

202 810 462 849 substantiua
491 815 602 848 recte
634 810 808 848 formata
839 814 954 847 sunt:
985 809 1091 849 conf.
1124 808 1318 847 Heinrich
1349 810 1405 848 ad
1428 808 1539 848 Pers.
1570 808 1589 846 I
1616 819 1677 848 12.

200 878 247 915 In
279 878 511 927 fragmento
544 878 729 916 secundo
761 877 939 915 animum
979 878 1173 915 attendas
1214 878 1270 915 ad
1299 877 1401 915 hunc
1429 890 1678 927 pronomen:

202 946 353 984 clamat
393 945 600 991 Albucius,
644 945 823 984 Mucium
851 944 1005 983 homini
1035 945 1171 994 gulam
1216 945 1472 995 oppressisse
1519 945 1681 983 cuidam

202 1014 243 1051 in
272 1014 384 1063 uulgi
415 1014 672 1051 sermonibus
707 1014 814 1052 ferri.
875 1014 923 1049 In
955 1013 1188 1063 fragmento
1204 1012 1262 1050 III
1294 1026 1430 1050 nomen
1464 1012 1680 1062 litemque2)

201 1082 320 1132 posui
361 1094 436 1132 pro
477 1082 666 1120 codicum
698 1081 895 1131 scriptura
927 1093 1058 1119 nomen
1105 1081 1282 1131 iamque:
1330 1093 1483 1120 nomen
1528 1081 1682 1119 scilicet

200 1150 402 1199 pecuniae
448 1150 614 1187 ablatae
650 1156 796 1198 captae
846 1156 1015 1187 coactae
1059 1150 1307 1187 conciliatae.
1346 1161 1518 1187 auersae
1546 1162 1571 1186 a
1608 1162 1680 1186 reo

203 1213 311 1268 (Lex
343 1218 472 1256 Acilia
515 1217 836 1267 repetundarum
863 1217 883 1263 ἓ
916 1226 938 1264 3
987 1216 1028 1254 in
1060 1216 1219 1255 Brunsii
1250 1217 1427 1255 fontibus
1456 1217 1528 1256 iur.
1559 1216 1679 1254 Rom.

202 1299 241 1335 p.
275 1285 358 1333 54).
420 1286 483 1322 De
515 1286 593 1323 hac
632 1284 929 1334 significatione
963 1285 1078 1322 uocis
1112 1297 1242 1322 nomen
1286 1285 1392 1323 conf.
1424 1286 1595 1334 interpp.
1626 1285 1681 1322 ad

204 1353 305 1391 Hor.
339 1365 403 1403 ep.
436 1352 474 1390 II
511 1364 542 1405 1,
581 1363 654 1402 105
689 1351 771 1391 Cic.
803 1353 857 1389 de
887 1351 954 1389 off.
986 1351 1043 1389 111
1076 1362 1128 1401 59
1172 1353 1226 1389 de
1263 1358 1344 1391 nat.
1383 1353 1497 1392 deor.
1527 1352 1584 1389 ΠΙ
1616 1361 1680 1401 73.

204 1420 287 1460 Cic.
322 1434 397 1470 pro
430 1421 560 1458 Balbo
598 1432 663 1460 11:
703 1416 873 1458 ‘Audiui
903 1420 982 1457 hoc
1019 1421 1073 1458 de
1103 1425 1273 1469 parente
1303 1433 1399 1458 meo
1429 1431 1546 1470 puer:
1591 1433 1681 1458 cum

204 1488 255 1536 Q.
287 1488 477 1526 Metellus
510 1488 556 1527 L.
590 1488 615 1525 f.
663 1500 819 1524 causam
861 1488 904 1524 de
933 1487 1112 1536 pecuniis
1157 1488 1376 1536 repetundis
1415 1488 1558 1524 diceret
1585 1518 1593 1526 .
1628 1518 1635 1526 .
1670 1518 1677 1526 .

203 1569 294 1594 cum
337 1557 462 1606 ipsius
507 1556 674 1594 tabulae
705 1555 1052 1593 circumferrentur
1091 1555 1333 1605 inspiciendi
1363 1556 1527 1593 nominis
1557 1568 1681 1594 causa

203 1624 326 1661 fuisse
358 1624 535 1662 iudicem
564 1636 617 1661 ex
646 1623 720 1661 illis
749 1623 949 1672 equitibus
972 1623 1185 1667 Romanis,
1216 1624 1464 1674 grauissimis
1484 1624 1578 1661 uiris
1608 1636 1679 1660 ne-

204 1692 369 1737 minem,
401 1692 498 1743 quin
517 1697 750 1730 remoueret
770 1691 913 1729 oculos
936 1696 978 1728 et
1006 1703 1051 1728 se
1074 1696 1203 1729 totum
1234 1697 1453 1737 auerteret,
1481 1703 1536 1729 ne
1564 1691 1680 1736 forte,

202 1760 317 1809 quod
345 1759 410 1797 ille
441 1759 482 1796 in
512 1759 672 1797 tabulas
702 1759 885 1808 publicas
925 1760 1159 1806 rettulisset,
1200 1760 1409 1798 dubitasse
1444 1754 1681 1809 quisquam,

201 1838 396 1864 uerumne
439 1838 493 1864 an
535 1826 682 1864 falsum
724 1832 849 1871 esset,
896 1826 1104 1864 uideretur
1116 1822 1138 1865 ³.
1200 1826 1394 1865 Albucius
1442 1826 1503 1865 his
1547 1827 1681 1865 uerbis

202 1900 330 1932 testes
361 1895 587 1943 interrogat
617 1907 754 1933 coram
785 1895 982 1933 iudicibus
1024 1896 1136 1944 quod
1173 1901 1216 1932 et
1246 1894 1301 1934 M.
1335 1894 1477 1933 Cicero
1514 1895 1611 1933 fecit
1641 1895 1682 1932 in

202 1974 327 1999 causa
358 1960 548 2006 Uerrina;
581 1962 688 2001 conf.
717 1967 796 2000 act.
831 1962 850 1999 I
883 1972 934 2009 55
969 1963 1022 1999 de
1055 1974 1112 2000 or.
1135 1962 1172 1999 II
1196 1972 1276 2010 244
1310 1962 1476 2009 Quintil.
1499 1962 1536 1998 V
1560 1972 1598 2012 7,
1617 1962 1681 2000 26.

202 2028 267 2066 De
299 2029 469 2067 testibus
515 2030 748 2080 tabulisque
779 2030 1055 2080 producendis
1103 2030 1144 2067 in
1190 2030 1510 2079 repetundarum
1557 2042 1684 2069 causa

202 2096 308 2134 conf.
336 2097 470 2145 legem
501 2097 672 2134 Aciliam
702 2098 724 2136 l.
753 2097 776 2136 Ι.
808 2097 827 2143 ἓ
858 2107 932 2144 34:
975 2097 1132 2134 tabulas
1164 2098 1388 2146 productas
1420 2110 1514 2135 esse
1545 2098 1585 2134 in
1615 2097 1683 2133 illa

204 2164 293 2213 ipsa
310 2164 469 2201 Albucii
500 2176 627 2202 causa
657 2171 803 2202 notum
834 2172 898 2202 est
918 2165 1024 2202 Albii
1046 2165 1312 2202 altercatione
1334 2170 1376 2202 et
1398 2164 1539 2203 Granii
1567 2176 1681 2214 prae-

204 2231 318 2267 conis
367 2232 420 2267 de
459 2243 540 2281 qua
573 2230 654 2270 Cic.
683 2233 734 2269 de
767 2244 824 2270 or.
856 2232 893 2268 II
927 2231 1000 2268 281
1052 2243 1238 2282 opusque
1268 2238 1357 2269 erat
1399 2232 1439 2268 in
1469 2244 1594 2269 causa
1623 2243 1682 2268 re-

201 2298 476 2348 petundarum
517 2299 689 2337 testibus
727 2300 945 2337 dumtaxat
973 2299 1047 2337 IIL
1078 2299 1289 2349 productis
1336 2311 1386 2336 ex
1433 2300 1525 2349 lege
1553 2299 1683 2337 Acilia

202 2362 243 2416 (ξ
274 2376 339 2414 32.
374 2363 458 2414 34),
490 2377 613 2415 quam
644 2366 770 2404 latam
801 2379 896 2404 esse
929 2379 1041 2404 anno
1086 2367 1264 2416 631l123
1298 2367 1364 2404 uel
1395 2365 1579 2415 6321'122
1613 2367 1682 2403 de-

339 2499 367 2542 ¹)
395 2500 571 2533 Albucius
599 2500 974 2533 contumeliosissimus
1003 2501 1112 2533 fuisse
1137 2501 1291 2539 uidetur,
1318 2501 1414 2544 quod
1441 2501 1512 2534 Cic.
1541 2501 1585 2533 de
1612 2506 1680 2535 nat.

202 2561 300 2593 deor.
327 2561 344 2592 1
370 2568 414 2600 93
441 2560 585 2593 indicat.
637 2560 799 2592 Ceterum
827 2560 930 2591 etiam
956 2559 992 2591 in
1024 2560 1251 2603 philosophia
1277 2560 1417 2592 Mucius
1444 2565 1479 2592 et
1503 2560 1683 2592 Albucius

202 2619 436 2651 dissidebant:
465 2630 544 2651 nam
562 2618 620 2651 hic
638 2619 817 2662 perfectus
838 2619 1035 2662 Epicureus
1065 2624 1225 2651 euaserat
1252 2619 1340 2662 (Cic.
1370 2620 1468 2653 Brut.
1502 2617 1594 2663 131),
1619 2619 1682 2652 ille

202 2684 322 2711 contra
348 2679 507 2711 Panaetii
534 2679 673 2711 auditor
699 2679 826 2711 Stoicis
851 2679 1007 2712 fauebat.
1044 2679 1130 2722 (Cic.
1158 2680 1203 2711 de
1229 2690 1280 2713 or.
1305 2680 1323 2711 I
1351 2687 1393 2721 75
1422 2680 1520 2712 Brut.
1551 2678 1642 2721 101.)

339 2737 363 2778 ²)
388 2737 578 2780 Litemque
610 2738 748 2781 scripsi,
786 2737 822 2768 id
858 2742 912 2769 est
939 2748 995 2769 res
1025 2737 1068 2769 de
1096 2748 1165 2780 qua
1192 2737 1361 2778 litigatur,
1386 2738 1557 2781 pecuniae
1584 2749 1686 2781 repe-

200 2798 343 2841 madae,
387 2808 533 2842 quarum
572 2797 711 2830 nomina
752 2797 891 2839 singula
932 2808 1011 2830 sese
1049 2798 1117 2831 iam
1160 2809 1201 2830 ex
1241 2797 1391 2831 testibus
1433 2798 1683 2840 interrogando

198 2858 419 2901 prolaturum
444 2858 628 2901 profitetur
654 2858 843 2891 Albucius.
895 2859 950 2890 De
987 2859 1057 2891 litis
1090 2858 1333 2891 aestimatione
1359 2859 1449 2892 conf.
1479 2858 1537 2891 lex
1561 2859 1682 2891 Acilia

200 2914 217 2962 ξ
249 2926 278 2959 7-
311 2917 365 2959 58-
