1894 3403
951 284 1005 324 50

352 397 564 451 Σειρῆνας
596 398 671 450 μὲν
702 399 878 449 πρῶτον
909 396 1093 450 ἀφίξεαι,
1125 396 1170 439 αἵ
1200 396 1254 449 ῥά
1285 410 1331 440 τε
1363 396 1531 450 πάντας

352 466 617 519 ἀνθρώπους
648 466 878 516 θέλγουσιν
909 465 1001 517 ὅτις
1031 466 1176 518 σφέας
1207 465 1494 519 εἰσαφίκηται.

356 534 480 586 ὅστις
512 533 719 588 ἀϊδρείῃ
752 533 921 587 πελάσῃ
953 532 1022 574 καὶ
1053 532 1249 584 φθόγγον
1280 531 1447 588 ἀκούσῃ

352 602 585 655 Σειρήνων,
616 605 677 658 τῷ
708 605 745 644 δ’
778 601 871 644 οὔτι
901 601 1007 652 γυνὴ
1039 601 1109 643 καὶ
1139 601 1271 653 νήπια
1299 601 1429 645 τέκνα

354 670 504 712 οἴκαδε
534 670 801 721 νοστήσαντι
831 669 1092 720 παρίσταται
1122 669 1224 711 οὐδὲ
1253 669 1470 721 γάνυνται,

351 738 462 782 ἀλλά
492 752 539 781 τε
571 739 775 790 Σειρῆνες
808 739 991 793 λιγυρῇ
1024 737 1306 788 θέλγουσιν
1337 737 1489 794 ἀοιδῇ
1523 772 1529 780 .
1563 772 1571 780 .

373 951 483 989 Libri
513 951 699 989 eiusdem
728 963 793 990 uu.
825 950 920 999 967.
952 949 1033 999 968
1066 950 1099 987 L
1131 951 1197 989 62.
1228 950 1281 999 63
1314 951 1358 988 M
1388 951 1429 988 in
1460 952 1693 990 codicibus:

350 1025 448 1057 tune
482 1019 579 1068 iugo
610 1018 753 1068 iungas
784 1029 849 1055 me
874 1023 971 1055 ante
1003 1023 1043 1055 et
1073 1018 1298 1056 succedere
1329 1024 1463 1057 aratro

351 1088 520 1124 inuitum
551 1092 594 1124 et
620 1087 762 1135 glebas
798 1086 962 1135 subigas
992 1087 1258 1135 proscindere
1290 1085 1422 1125 ferro?

239 1166 340 1205 Sunt
376 1167 464 1204 sine
505 1166 631 1204 dubio
668 1166 796 1203 uerba
839 1165 1068 1203 Thessalae
1114 1178 1250 1216 equae
1296 1163 1419 1216 (conf.
1452 1180 1518 1206 uu.
1550 1173 1715 1206 antece-

239 1230 404 1280 dentes)
447 1225 624 1283 grauiter
668 1234 916 1270 domitorem
947 1233 1127 1278 ferentis,
1174 1234 1215 1270 in
1260 1235 1404 1283 quibus
1449 1241 1559 1273 recte
1604 1237 1714 1285 apud

241 1302 481 1339 Muellerum
511 1301 689 1350 positum
720 1307 782 1337 est
814 1301 978 1337 inuitam
1009 1296 1135 1351 (conf.
1163 1301 1267 1339 Enn.
1300 1307 1406 1351 trag.
1427 1312 1505 1351 219
1529 1302 1600 1353 V),
1632 1316 1715 1341 non

239 1374 350 1406 recte
383 1372 467 1417 apte
497 1367 651 1405 editum
682 1367 734 1404 ab
766 1367 919 1404 eodem
950 1379 1024 1416 pro
1057 1371 1156 1418 ante,
1190 1368 1301 1416 quod
1321 1369 1442 1406 ualde
1471 1368 1638 1418 languet
1666 1371 1715 1407 si·

240 1443 308 1474 cut
338 1437 449 1474 istud
480 1440 568 1473 ante
598 1447 621 1472 a
651 1435 918 1473 Lachmanno
950 1442 1169 1475 seruatum.
1229 1435 1496 1474 Scribendurn
1525 1443 1642 1487 puto:

349 1523 446 1555 tune
478 1517 575 1567 iugo
606 1517 750 1565 iungas
782 1512 875 1552 me?
907 1527 1014 1553 anne
1046 1521 1087 1553 et
1117 1517 1338 1553 succedere
1370 1522 1503 1554 aratro

348 1586 518 1623 inuitam
548 1591 590 1622 et
619 1585 788 1633 glaebas
822 1585 988 1633 subigas
1019 1585 1287 1633 proscindere
1319 1582 1453 1622 ferro?

234 1664 301 1701 Fit
315 1663 521 1713 gradatio:
555 1662 727 1712 primum
755 1674 862 1712 equa
883 1662 1019 1711 iugum
1050 1667 1091 1698 et
1122 1662 1237 1699 frena
1256 1668 1428 1710 recusat,
1462 1664 1558 1700 dein
1579 1670 1709 1713 rogat,

235 1745 332 1769 num
362 1744 446 1769 non
475 1731 601 1768 modo
624 1731 813 1767 dometur
836 1729 972 1773 frenis,
1003 1730 1079 1766 sed
1101 1730 1223 1767 etiam
1255 1742 1370 1767 arare
1391 1736 1569 1780 cogatur,
1603 1734 1713 1781 quod

234 1811 337 1849 opus
369 1799 480 1848 apud
509 1803 670 1835 ueteres
701 1809 725 1833 a
753 1798 889 1845 tauris,
933 1808 1143 1845 nunquam
1184 1798 1236 1833 ab
1280 1799 1394 1846 equis
1434 1798 1587 1836 factum
1617 1812 1712 1837 esse

234 1880 325 1905 cum
356 1867 521 1904 aliunde
551 1871 695 1904 notum
722 1871 799 1913 est⁷
831 1871 919 1903 tum
949 1870 1062 1915 patet
1102 1877 1125 1902 e
1155 1865 1374 1914 prouerbio
1405 1861 1541 1916 ‘optat
1570 1866 1713 1917 ephipn

233 1935 300 1985 pia
331 1935 407 1972 bos
437 1935 566 1984 piger,
596 1939 712 1983 optat
743 1945 857 1970 arare
890 1929 1104 1970 caballus'.
1137 1953 1189 1958 —
1221 1933 1333 1969 Anne
1356 1940 1568 1983 usurpatur
1585 1947 1711 1984 saepe

233 2003 274 2040 in
296 2003 441 2040 talibus
473 2002 881 2052 interrogationibus:
915 2000 1022 2038 conf.
1057 1999 1197 2040 Catull.
1230 1999 1298 2046 66,
1322 2011 1368 2050 15
1401 2001 1495 2042 Ter.
1526 2003 1652 2042 Andr.
1675 2003 1714 2041 V

236 2081 273 2115 2,
311 2081 362 2108 10
393 2067 532 2108 ‘Anne
563 2075 628 2108 est
657 2071 763 2107 intus
799 2066 1083 2120 Pamphilus'?

368 2318 477 2355 Libri
506 2318 562 2355 ΙΙΙ
594 2318 638 2355 M
667 2331 705 2354 u.
741 2329 793 2367 39
827 2319 896 2368 qui
924 2331 961 2357 u.
995 2320 1107 2357 cuius
1139 2321 1227 2357 libri
1258 2321 1309 2358 sit
1338 2312 1544 2359 nescimus

561 2399 633 2423 ore
668 2387 795 2423 salem
826 2387 1026 2436 expirauit
1056 2400 1238 2425 amarum

233 2479 258 2504 a
286 2466 397 2504 nullo
428 2466 586 2503 editore
623 2466 746 2503 uideo
788 2467 1032 2516 explicatum
1077 2467 1154 2505 nisi
1205 2481 1229 2505 a
1259 2467 1415 2515 Dousa,
1465 2470 1530 2519 qui
1561 2471 1711 2509 collato

234 2534 363 2573 Plaut.
396 2534 520 2574 Stich.
552 2534 570 2572 I
603 2545 640 2579 2,
677 2544 726 2583 35
767 2535 1028 2573 tralationem
1068 2536 1153 2574 fieri
1183 2538 1320 2577 sumit:
1365 2549 1488 2587 quern
1528 2551 1612 2577 non
1648 2552 1712 2578 se-

233 2613 359 2651 quere
391 2603 424 2640 si
455 2603 761 2653 comparaueris
792 2603 915 2642 Hom.
954 2615 973 2643 ε
1006 2615 1108 2653 322:

558 2680 780 2732 στοματὸς
811 2679 847 2722 δ’
880 2680 1114 2724 ἐξέπτυσεν
1142 2681 1281 2734 ἅλμην

230 2770 388 2809 πικρην
420 2792 427 2799 .
461 2792 468 2800 .
503 2792 510 2800 .

231 2826 375 2864 Lucilii
419 2829 547 2866 uerba
589 2835 777 2867 accurate
822 2830 876 2868 ad
905 2829 1076 2868 Homeri
1124 2831 1335 2881 exemplar
1377 2844 1573 2882 expressa
1617 2845 1711 2871 esse

231 2908 354 2933 nemo
386 2896 568 2946 negabit,
607 2908 743 2947 neque
785 2898 1009 2948 quidquam
1047 2900 1219 2950 amplius
1260 2900 1501 2939 addendum
1536 2900 1614 2939 nisi
1645 2901 1712 2951 qui
