1894 3403
531 860 885 899 SENTENTIAE
916 862 1383 901 CONTROUERSAE.

218 1035 219 1039 ,
357 1006 387 1045 Ι.
421 1006 719 1045 Grauissimum
749 1009 1025 1047 testimonium
1056 1011 1108 1047 de
1138 1010 1371 1060 coryphaeo
1404 1009 1514 1048 chori
1548 1010 1691 1058 tragici

227 1073 399 1111 diuerbii
430 1075 625 1125 participe
657 1081 719 1113 est
737 1076 870 1127 Eurip.
892 1077 1019 1127 Iphig.
1053 1077 1172 1117 Taur.
1204 1090 1241 1115 u.
1272 1077 1353 1128 963
1387 1078 1455 1115 ubi
1475 1074 1690 1127 πρέσβειρ’

226 1137 333 1191 ἥπερ
362 1139 414 1191 ἦν
444 1139 648 1192 Ἐρινύων
678 1145 813 1183 uerbis
853 1146 1100 1195 significatur
1129 1146 1382 1196 coryphaeus
1412 1146 1689 1184 Eumenidum

227 1209 428 1259 Aeschyli.

358 1276 405 1316 II.
439 1277 565 1325 Quod
590 1293 639 1317 ex
672 1280 803 1318 Photii
835 1282 967 1319 uerbis
999 1295 1029 1320 s.
1061 1294 1099 1320 u.
1130 1279 1272 1331 τρίτος
1304 1279 1535 1331 ἀριστεροῦ
1565 1282 1687 1319 sumi-

228 1349 292 1382 tur
322 1347 593 1396 coryphaeum
638 1349 828 1386 incedere
869 1348 1123 1388 obtinentem
1155 1342 1316 1388 tertium
1348 1350 1496 1388 sinistri
1532 1351 1686 1389 ordinis

226 1412 359 1450 locum
401 1415 442 1451 in
462 1417 642 1464 parodo,
685 1418 867 1466 ineptum
898 1426 978 1456 est:
1023 1419 1110 1456 sine
1149 1419 1274 1455 dubio
1313 1419 1354 1455 in
1383 1420 1554 1467 parodo‚
1600 1420 1685 1456 dux

226 1481 337 1519 chori
367 1482 521 1520 incedit
549 1484 591 1522 in
622 1485 763 1522 ordine
792 1486 930 1534 primo.

355 1549 425 1587 III.
457 1550 604 1589 Aesch.
648 1551 755 1591 Pers.
798 1565 835 1590 u.
874 1553 945 1600 163
992 1551 1045 1601 μὴ
1078 1551 1211 1602 μέγας
1242 1553 1468 1601 πλοῦτος
1504 1550 1683 1600 κονίσας

225 1612 359 1665 οὖδας
391 1612 580 1670 ἀντρέψῃ
615 1616 713 1658 ποδί
744 1615 903 1668 ’Όλβον
920 1619 1003 1658 κτλ.
1036 1620 1196 1657 Scribas
1219 1618 1272 1668 μὴ
1297 1618 1431 1669 μέγας
1451 1617 1683 1668 Πότμος;

225 1683 331 1721 conf.
366 1683 481 1722 Pind.
504 1684 619 1724 Nem.
639 1686 697 1723 IV
714 1685 765 1724 68
795 1685 887 1737 ἐμοὶ
918 1682 953 1728 δ’
985 1685 1138 1728 ὁποίαν
1169 1684 1326 1737 ἀρετὰν
1356 1684 1488 1727 ἔδωκε
1507 1684 1685 1737 Πότμος

225 1748 329 1792 ἄναξ
360 1758 402 1789 et
430 1753 529 1793 Hor.
561 1766 681 1792 carm.
711 1755 729 1791 Ι
763 1765 829 1804 35,
866 1766 926 1803 13.

355 1818 425 1856 IV.
458 1818 549 1858 Eur.
582 1819 734 1859 Troad.
766 1833 803 1860 u.
837 1821 916 1859 286
953 1819 1004 1872 ὃς
1043 1820 1183 1862 πάντα
1213 1819 1406 1862 τάκεῖθεν
1436 1819 1579 1863 ἐνθάδ’
1613 1819 1684 1862 ἀν-

222 1883 360 1924 τίπαλ’
392 1884 512 1935 αὖθις
543 1886 683 1927 ἐκεῖσε
715 1887 901 1942 διπτύχῳ
930 1888 1110 1942 γλώσσᾳ
1139 1889 1244 1939 φίλα
1275 1888 1327 1929 τὰ
1346 1887 1516 1939 πρότερ’
1549 1888 1684 1939 ἄφιλα

222 1949 462 2002 τιθέμενοςε
495 1951 634 1993 ἐκεῖσε
666 1962 896 2006 corruptum
927 1963 1009 1994 est:
1042 1958 1199 2008 corrige
1229 1955 1386 1998 ἔσεισε.

355 2020 403 2059 V.
439 2021 532 2061 Eur.
551 2021 617 2061 Or.
640 2035 678 2060 u.
701 2024 782 2072 968
812 2021 936 2074 ἕλεος
966 2022 1089 2074 ἔλεος
1121 2023 1185 2065 ὅδ’
1218 2023 1395 2075 ἔρχεται·
1416 2026 1501 2065 τῶν
1530 2028 1683 2066 θανου-

224 2084 362 2133 μένων
392 2084 497 2137 ὕπερ
527 2089 828 2139 στρατηλατᾶν
858 2087 1065 2142 Ἑλλάδος
1096 2088 1188 2132 ποτ’
1212 2089 1372 2132 ὄντων;
1403 2089 1526 2142 ἔλεος
1558 2090 1682 2143 ἔλεος

221 2166 306 2191 non
334 2160 489 2193 rectum
520 2162 594 2202 est,
629 2158 785 2206 corrige
816 2155 966 2208 ἔλεγος
996 2157 1158 2210 ἕλεγος.

355 2220 422 2260 VI.
455 2221 555 2263 Plat.
586 2223 740 2263 Phaed.
786 2238 825 2275 p.
858 2225 909 2263 68
941 2226 978 2264 D
1025 2228 1084 2281 τῷ
1128 2225 1311 2268 δεδιέναι
1356 2225 1440 2278 ἄρα
1485 2226 1553 2268 καὶ
1597 2226 1683 2268 δέει

222 2285 410 2337 ἀνδρεῖοί
440 2287 522 2329 εἰσι
551 2289 709 2341 πάντες
739 2292 849 2341 πλὴν
879 2292 919 2332 οἱ
950 2293 1213 2343 φιλόσοφοι;
1245 2297 1370 2333 uerba
1391 2294 1551 2344 πάντες
1571 2295 1683 2343 πλὴν

221 2351 261 2395 οἱ
291 2353 527 2407 φιλόσοφοι
555 2358 771 2408 glossema.

353 2424 441 2465 VII.
474 2425 601 2465 Plaut.
633 2427 741 2466 Rud.
774 2430 874 2478 prol.
907 2442 944 2468 u.
983 2442 1030 2478 19
1065 2431 1205 2469 eiectis
1236 2432 1421 2469 uersibus
1452 2446 1557 2483 quos
1589 2433 1682 2471 Dzi-

222 2493 339 2530 atzko
369 2494 410 2531 in
440 2494 544 2534 Mus.
576 2495 707 2536 Rhen.
729 2497 867 2535 XXIV
896 2511 935 2548 p.
960 2508 1041 2548 570
1072 2511 1159 2549 sqq.
1190 2506 1302 2538 recte
1333 2501 1454 2539 eiecit
1483 2501 1683 2540 scribatur

221 2573 392 2599 necesse
410 2568 494 2601 est:
517 2560 677 2601 ‘Iterum
693 2564 758 2601 ille
776 2566 856 2603 iam
873 2578 957 2603 rem
972 2567 1195 2605 iudicatam
1207 2564 1374 2606 iudicat’
1390 2564 1534 2619 (codd.
1557 2566 1680 2617 eam).

354 2630 461 2669 VIII.
493 2630 623 2671 Plaut.
654 2632 767 2673 Asin.
796 2634 896 2684 prol.
928 2646 995 2674 uu.
1031 2645 1137 2686 7-9
1169 2636 1302 2686 spurii.

350 2699 418 2737 IX.
452 2699 544 2739 Sen.
578 2701 744 2751 Thyest.
778 2714 814 2741 u.
847 2702 926 2752 693
960 2715 1047 2753 sqq.
1086 2700 1195 2742 ‘Stat
1242 2705 1332 2754 ipse
1371 2706 1425 2743 ad
1456 2718 1562 2750 aras,
1593 2707 1681 2755 ipse

220 2766 396 2805 deuotos
442 2768 533 2806 neci
563 2767 801 2807 Contrectat
843 2776 883 2808 et
916 2772 1127 2822 componit
1169 2777 1210 2810 et
1241 2772 1346 2810 ferro
1379 2773 1579 2811 admouet
1611 2774 1681 2812 At-

219 2835 342 2870 tendz't
367 2835 479 2884 ipse:
519 2836 630 2874 nulla
664 2849 757 2887 pars
789 2839 891 2876 sacri
919 2836 1055 2889 perit'.
1117 2840 1288 2877 Attendit
1318 2852 1403 2878 non
1433 2841 1681 2892 intelligitur,

220 2900 350 2940 scribe
381 2905 559 2943 attondet.
