1894 3403
930 303 983 354 84

216 426 382 467 Deinde
417 428 689 480 fragmentum
722 430 824 468 illud
857 429 957 467 mire
991 435 1187 468 uexatum
1220 435 1284 467 est
1320 442 1344 467 a
1382 430 1478 469 uiris
1510 430 1664 470 doctis:

330 497 488 536 Publiu'
509 486 637 536 Pauu'
658 498 757 536 mihi
771 497 797 546 †
812 498 1062 536 Turbitanus
1085 497 1161 547 (sic
1178 498 1211 537 L
1233 509 1248 536 1
1266 512 1275 548 ;
1306 499 1433 537 ceteri
1458 494 1693 550 Tubitanus)

767 617 780 624 .,
1199 571 1396 617 quaestor
1424 567 1581 611 Hibera

328 634 375 671 In
406 639 514 672 terra
545 634 632 681 fuit,
661 633 880 684 lucifuguS,
911 634 1063 672 nebulo
1094 636 1137 673 id
1166 630 1290 684 genu'
1322 647 1436 675 sane.

215 701 394 739 Gerlach
441 702 508 740 ed.
547 713 587 751 p.
627 701 722 739 XLI
769 701 904 738 Pauus
949 708 1066 751 putat
1111 714 1204 740 esse
1249 714 1402 740 nomen
1446 703 1623 742 ioculare
1669 716 1694 741 a

213 768 445 819 pauonibus
477 768 719 819 saginandis
750 770 980 807 deductum
1011 790 1061 797 —
1097 770 1276 820 neglexit
1308 782 1416 820 quae
1448 770 1547 810 Plin.
1577 771 1615 808 X
1640 780 1692 819 45

214 836 338 875 tradit
370 857 424 863 —
456 837 638 874 similiter
667 837 884 875 Francken
923 838 1027 877 coni.
1069 851 1122 875 cr.
1164 851 1204 888 p.
1239 848 1288 887 72
1326 839 1496 878 iudicat.
1558 837 1694 875 Pauus

212 910 255 942 et
285 905 436 943 iustum
468 916 704 955 cognomen
736 904 808 943 'est
840 905 944 943 sicut
975 906 1108 943 Anser
1137 906 1284 956 Aquila
1316 906 1459 944 Gallus
1491 905 1691 944 Graculus

212 972 379 1021 Mergus
420 972 582 1010 Merula
626 972 789 1010 Noctua
820 973 943 1010 Parra
975 972 1124 1010 Passer
1154 972 1251 1010 Pica
1282 973 1445 1011 Turdus
1465 969 1498 1020 ¹)
1538 974 1617 1011 alia
1650 979 1691 1010 et

211 1040 419 1078 inuenitur
448 1040 657 1079 recentior
687 1040 817 1078 forma
854 1040 966 1090 apud
995 1039 1111 1080 Uarr.
1142 1040 1181 1079 d.
1211 1052 1242 1080 r.
1273 1052 1302 1080 r.
1334 1040 1391 1078 III
1423 1051 1444 1078 2
1479 1040 1692 1077 Fircellius

214 1107 326 1144 Pauo
360 1108 569 1145 Reatinus.
616 1108 857 1145 Turbitanus
903 1109 1088 1145 nondum
1134 1109 1400 1146 emendatum
1446 1114 1522 1147 est.
1596 1108 1691 1146 Sine

212 1176 340 1212 dubio
372 1174 507 1225 Scipio
537 1175 613 1213 hos
644 1186 788 1213 uersus
821 1175 932 1221 dicit,
971 1176 1085 1226 quod
1116 1187 1207 1213 cum
1237 1176 1319 1214 iam
1350 1176 1465 1213 multi
1496 1176 1693 1225 suspicati

212 1244 292 1281 sint
320 1241 447 1292 (conf.
470 1242 686 1281 Francken
707 1244 729 1283 1.
752 1244 774 1282 l.
798 1250 840 1281 et
865 1243 1043 1281 Gerlach
1064 1245 1088 1282 1.
1120 1242 1180 1291 1.),
1212 1244 1437 1282 omiserunt
1467 1241 1689 1282 conciliare

213 1323 307 1348 cum
345 1311 421 1348 hac
453 1311 648 1360 opinione
680 1323 747 1350 uu.
780 1322 863 1360 409
893 1311 926 1349 L
961 1322 1024 1351 21.
1060 1322 1108 1349 22
1141 1311 1204 1349 M:

324 1378 364 1416 Si
394 1377 491 1415 mihi
520 1390 604 1415 non
634 1383 801 1427 praetor
839 1378 916 1415 siet
950 1379 1118 1415 additus
1148 1384 1273 1428 atque
1307 1379 1434 1427 agitet
1464 1391 1544 1424 me,

322 1458 409 1483 non
436 1445 543 1483 male
575 1445 643 1483 sit:
676 1445 754 1493 ille,
785 1451 829 1482 ut
860 1446 967 1490 dico,
999 1458 1065 1482 me
1096 1451 1312 1483 exenterat
1342 1458 1460 1484 unus.

211 1512 275 1552 Sit
301 1526 323 1551 e
356 1514 450 1552 cod.
483 1512 607 1552 Paris.
653 1512 812 1562 scripsit
839 1512 1144 1562 Eyssenhardt:
1188 1514 1390 1563 producta
1432 1513 1587 1551 uocalis
1625 1519 1688 1551 est

209 1588 379 1632 propter
426 1593 655 1626 caesuram,
701 1581 808 1619 conf.
854 1581 1027 1619 Mueller
1064 1582 1104 1619 d.
1143 1594 1170 1621 r.
1208 1595 1259 1622 m.
1297 1594 1336 1631 p.
1369 1591 1448 1631 327
1482 1582 1604 1620 Lucil.
1644 1595 1683 1621 u.

212 1659 292 1699 279
319 1649 352 1686 L
384 1648 442 1686 IX
476 1658 528 1698 70
561 1648 605 1686 M

440 1714 619 1760 crisabit,
649 1721 694 1752 ut
725 1716 758 1753 si
790 1716 1037 1753 frumentum
1068 1711 1241 1753 clunibu'
1272 1722 1439 1755 uannat.

209 1785 365 1834 Aperte
387 1789 479 1821 sunt
499 1784 626 1821 uerba
648 1784 879 1833 quaestoris
911 1783 1011 1821 illius
1033 1783 1195 1832 lucifugi
1216 1784 1270 1820 de
1293 1782 1503 1832 Scipione:
1533 1789 1685 1833 quanta

207 1852 315 1889 enim
347 1851 465 1888 fuerit
487 1851 690 1887 exercitus
720 1851 898 1888 Romani
929 1851 1106 1899 segnitia
1135 1856 1175 1887 et
1205 1851 1366 1899 pigritia
1387 1856 1483 1887 ante
1505 1850 1684 1888 Numan-

208 1920 308 1958 tiam
329 1925 371 1956 et
392 1924 649 1969 quantopere
665 1918 816 1956 inertes
840 1918 1091 1955 Aemilianus
1111 1918 1371 1966 castigauerit
1401 1923 1442 1955 et
1471 1918 1685 1967 puniuerit,

207 1992 370 2025 constat
401 1999 452 2024 ex
473 1986 610 2023 multis
633 1986 895 2035 scriptoribus
927 1985 1035 2034 (Liu.
1053 1998 1138 2034 per.
1158 1995 1224 2034 57.
1241 1985 1346 2024 Plut.
1363 1986 1558 2034 apophth.
1578 1986 1685 2035 Scip.

206 2055 302 2094 min.
353 2054 509 2093 16-21
547 2054 710 2104 Appian
756 2053 860 2093 Iber.
892 2052 957 2101 85.
992 2051 1076 2102 86).
1147 2052 1381 2103 Scipionem
1424 2053 1544 2103 igitur
1589 2053 1685 2090 dicit

197 2127 423 2172 praetorem
446 2121 600 2160 Pauus:
642 2121 716 2159 fuit
746 2121 811 2159 ille
842 2122 1013 2171 quidem
1044 2122 1187 2158 consul
1217 2121 1377 2165 iterum,
1409 2122 1485 2158 sed
1515 2132 1683 2170 praeses

342 2291 369 2335 ¹)
394 2292 456 2324 Ad
482 2276 572 2324 hanc
605 2292 731 2324 seriem
765 2292 1014 2333 cognominum
1046 2291 1199 2333 pertinet
1230 2292 1306 2323 sine
1345 2291 1456 2323 dubio
1484 2302 1681 2332 cognomen

203 2352 443 2385 Aebutiorum
469 2353 624 2390 Parrus,
662 2353 759 2395 quod
786 2352 984 2384 Buecheler
1017 2362 1071 2383 me
1102 2352 1251 2385 monuit.
1301 2351 1394 2383 Nam
1421 2351 1513 2393 apud
1539 2350 1679 2383 Liuium

202 2420 260 2453 42,
287 2421 321 2453 4,
348 2410 369 2445 4
396 2417 489 2444 recte
517 2411 683 2443 traditum
710 2417 763 2443 est
788 2411 825 2442 in
852 2410 977 2442 codice
1005 2410 1151 2451 egregio
1170 2410 1449 2442 Uindobonensi
1475 2409 1610 2441 saeculi
1629 2410 1682 2442 VI

203 2473 530 2514 ebutiumjmrrum,
557 2471 654 2514 quod
682 2471 835 2503 editores
864 2481 936 2502 non
961 2470 1141 2502 debebant
1168 2469 1344 2511 corrigere
1369 2468 1534 2511 Pighium
1570 2469 1682 2501 secuti

203 2530 391 2562 scribendo
418 2530 611 2562 Aebutium
645 2530 778 2562 Carum
814 2529 895 2571 quia
922 2537 977 2572 39,
1000 2536 1054 2571 55,
1074 2529 1094 2560 8
1127 2529 1176 2560 rei
1208 2529 1349 2561 criticae
1383 2539 1467 2572 prae
1493 2528 1682 2560 Uindobo-

202 2590 321 2623 nensis
348 2590 418 2623 fide
445 2600 484 2623 ac
509 2593 685 2622 uetustate
718 2589 946 2621 fundamenta
971 2588 1205 2621 incertissima
1229 2588 1317 2631 (Liu.
1355 2587 1400 2620 ed
1425 2588 1536 2620 Hertz
1562 2587 1636 2621 uol.
1665 2588 1681 2619 I

201 2659 235 2690 p.
261 2648 454 2691 XXXVI)
479 2647 651 2690 praebent
675 2647 851 2679 Aebutius
887 2647 1015 2679 Carus.
1068 2648 1180 2679 Immo
1218 2647 1287 2679 hoc
1327 2657 1368 2679 ex
1406 2646 1680 2679 Vindobonensi

202 2707 451 2749 corrigendum
490 2711 554 2738 est.
617 2707 740 2746 Parus,
781 2706 876 2738 cuius
917 2706 1029 2738 forma
1056 2706 1234 2748 antiquior
1265 2693 1411 2737 Parrus
1438 2715 1517 2738 esse
1541 2705 1681 2738 uidetur

200 2765 311 2810 (conf.
339 2768 460 2798 Parra
487 2767 631 2809 nomen)
659 2776 789 2797 nomen
820 2766 980 2798 auiculae
1008 2770 1071 2803 est,
1100 2766 1144 2797 de
1173 2776 1243 2808 quo
1271 2765 1363 2798 conf.
1391 2764 1514 2799 lexica.
1536 2784 1577 2789 -
1597 2766 1678 2798 Hoc

200 2826 289 2857 scire
321 2826 420 2858 uolui
453 2826 609 2858 criticum
651 2825 921 2868 superciliosum
953 2825 987 2856 in
1012 2825 1094 2857 libri
1126 2823 1309 2857 Deutsche
1345 2825 1680 2866 Litteraturzeitung

201 2885 371 2918 fasciculo
404 2885 461 2917 die
491 2884 646 2917 Ianuarii
672 2885 768 2917 XIV
800 2884 903 2917 huius
937 2885 1018 2917 anni
1050 2885 1158 2924 edito,
1190 2884 1254 2927 qui
1280 2884 1443 2917 codicum
1470 2894 1548 2916 eam
1574 2894 1678 2927 quam

199 2945 321 2979 debuit
345 2946 517 2977 rationem
542 2944 675 2977 habere
702 2945 832 2979 omisit.
