<?xml version="1.0" encoding="UTF-8"?>
<!DOCTYPE html PUBLIC "-//W3C//DTD XHTML 1.0 Transitional//EN"
    "http://www.w3.org/TR/xhtml1/DTD/xhtml1-transitional.dtd">
<html xmlns="http://www.w3.org/1999/xhtml" xml:lang="en" lang="en">
 <head>
  <title>
</title>
<meta http-equiv="Content-Type" content="text/html;charset=utf-8" />
  <meta name='ocr-system' content='tesseract 3.04.00' />
  <meta name='ocr-capabilities' content='ocr_page ocr_carea ocr_par ocr_line ocrx_word'/>
</head>
<body>
  <div class='ocr_page' id='page_1' title='image "4627074_0087.png"; bbox 0 0 1894 3403; ppageno 0'>
   <div class='ocr_carea' id='block_1_1' title="bbox 939 200 989 240">
    <p class='ocr_par' dir='ltr' id='par_1_1' title="bbox 939 200 989 240">
     <span class='ocr_line' id='line_1_1' title="bbox 939 200 989 240; baseline -0.02 0"><span class='ocrx_word' id='word_1_1' title='bbox 939 200 989 240; x_wconf 90' lang='grc'>75</span> 
     </span>
    </p>
   </div>
   <div class='ocr_carea' id='block_1_2' title="bbox 187 309 1702 1583">
    <p class='ocr_par' dir='ltr' id='par_1_2' title="bbox 187 309 1702 1448">
     <span class='ocr_line' id='line_1_2' title="bbox 233 309 1702 366; baseline -0.003 -12"><span class='ocrx_word' id='word_1_2' title='bbox 233 316 345 366; x_wconf 89' lang='lat' dir='ltr'>quod</span> <span class='ocrx_word' id='word_1_3' title='bbox 376 328 480 366; x_wconf 91' lang='lat' dir='ltr'>quae</span> <span class='ocrx_word' id='word_1_4' title='bbox 508 317 673 357; x_wconf 16' lang='lat' dir='ltr'>*sinistra</span> <span class='ocrx_word' id='word_1_5' title='bbox 704 322 809 361; x_wconf 89' lang='lat' dir='ltr'>sunt,</span> <span class='ocrx_word' id='word_1_6' title='bbox 849 317 959 354; x_wconf 90' lang='lat' dir='ltr'>bona</span> <span class='ocrx_word' id='word_1_7' title='bbox 997 313 1178 366; x_wconf 86' lang='lat' dir='ltr'>auspicia</span> <span class='ocrx_word' id='word_1_8' title='bbox 1215 309 1525 351; x_wconf 83' lang='lat' dir='ltr'>existimantur&#39;.</span> <span class='ocrx_word' id='word_1_9' title='bbox 1586 311 1702 349; x_wconf 90' lang='lat' dir='ltr'>Haec</span> 
     </span>
     <span class='ocr_line' id='line_1_3' title="bbox 232 381 1701 433; baseline -0.002 -13"><span class='ocrx_word' id='word_1_10' title='bbox 232 395 355 433; x_wconf 86' lang='lat' dir='ltr'>quam</span> <span class='ocrx_word' id='word_1_11' title='bbox 383 385 587 432; x_wconf 87' lang='lat' dir='ltr'>praeclare</span> <span class='ocrx_word' id='word_1_12' title='bbox 609 384 638 433; x_wconf 89' lang='lat'>¹)</span> <span class='ocrx_word' id='word_1_13' title='bbox 668 386 723 422; x_wconf 92' lang='lat' dir='ltr'>ad</span> <span class='ocrx_word' id='word_1_14' title='bbox 754 389 935 422; x_wconf 86' lang='lat' dir='ltr'>nostrum</span> <span class='ocrx_word' id='word_1_15' title='bbox 965 383 1107 422; x_wconf 89' lang='lat' dir='ltr'>Lucilii</span> <span class='ocrx_word' id='word_1_16' title='bbox 1138 382 1274 420; x_wconf 90' lang='lat' dir='ltr'>locum</span> <span class='ocrx_word' id='word_1_17' title='bbox 1305 381 1535 419; x_wconf 88' lang='lat' dir='ltr'>referantur</span> <span class='ocrx_word' id='word_1_18' title='bbox 1565 381 1701 418; x_wconf 92' lang='lat' dir='ltr'>conci-</span> 
     </span>
     <span class='ocr_line' id='line_1_4' title="bbox 234 448 1699 502; baseline -0.002 -14"><span class='ocrx_word' id='word_1_19' title='bbox 234 451 331 489; x_wconf 86' lang='lat' dir='ltr'>liata</span> <span class='ocrx_word' id='word_1_20' title='bbox 361 463 452 489; x_wconf 90' lang='lat' dir='ltr'>cum</span> <span class='ocrx_word' id='word_1_21' title='bbox 482 453 553 498; x_wconf 90' lang='lat' dir='ltr'>eis,</span> <span class='ocrx_word' id='word_1_22' title='bbox 585 465 691 502; x_wconf 92' lang='lat' dir='ltr'>quae</span> <span class='ocrx_word' id='word_1_23' title='bbox 710 453 763 490; x_wconf 92' lang='lat' dir='ltr'>de</span> <span class='ocrx_word' id='word_1_24' title='bbox 786 452 909 500; x_wconf 90' lang='lat' dir='ltr'>signis</span> <span class='ocrx_word' id='word_1_25' title='bbox 932 451 1212 489; x_wconf 89' lang='lat' dir='ltr'>Romanorum</span> <span class='ocrx_word' id='word_1_26' title='bbox 1234 461 1354 500; x_wconf 91' lang='lat' dir='ltr'>supra</span> <span class='ocrx_word' id='word_1_27' title='bbox 1375 448 1547 499; x_wconf 85' lang='lat' dir='ltr'>exposui</span> <span class='ocrx_word' id='word_1_28' title='bbox 1578 460 1699 486; x_wconf 89' lang='lat' dir='ltr'>nemo</span> 
     </span>
     <span class='ocr_line' id='line_1_5' title="bbox 230 514 1699 566; baseline -0.001 -12"><span class='ocrx_word' id='word_1_29' title='bbox 230 530 313 555; x_wconf 87' lang='lat' dir='ltr'>non</span> <span class='ocrx_word' id='word_1_30' title='bbox 344 519 471 557; x_wconf 91' lang='lat' dir='ltr'>uidet.</span> <span class='ocrx_word' id='word_1_31' title='bbox 534 518 661 556; x_wconf 82' lang='lat' dir='ltr'>Porro</span> <span class='ocrx_word' id='word_1_32' title='bbox 705 531 807 556; x_wconf 93' lang='lat' dir='ltr'>caue</span> <span class='ocrx_word' id='word_1_33' title='bbox 844 519 1065 556; x_wconf 85' lang='lat' dir='ltr'>credideris</span> <span class='ocrx_word' id='word_1_34' title='bbox 1097 518 1250 566; x_wconf 80' lang='lat' dir='ltr'>turpius</span> <span class='ocrx_word' id='word_1_35' title='bbox 1288 514 1388 555; x_wconf 86' lang='lat' dir='ltr'>esse</span> <span class='ocrx_word' id='word_1_36' title='bbox 1410 517 1509 554; x_wconf 92' lang='lat' dir='ltr'>illud</span> <span class='ocrx_word' id='word_1_37' title='bbox 1540 517 1699 565; x_wconf 90' lang='lat' dir='ltr'>signum</span> 
     </span>
     <span class='ocr_line' id='line_1_6' title="bbox 230 583 1696 636; baseline -0.001 -14"><span class='ocrx_word' id='word_1_38' title='bbox 230 597 354 636; x_wconf 91' lang='lat' dir='ltr'>quam</span> <span class='ocrx_word' id='word_1_39' title='bbox 383 592 427 623; x_wconf 83' lang='lat' dir='ltr'>ut</span> <span class='ocrx_word' id='word_1_40' title='bbox 457 585 641 623; x_wconf 87' lang='lat' dir='ltr'>adhiberi</span> <span class='ocrx_word' id='word_1_41' title='bbox 671 586 871 635; x_wconf 89' lang='lat' dir='ltr'>potuerit:</span> <span class='ocrx_word' id='word_1_42' title='bbox 904 586 1017 635; x_wconf 93' lang='lat' dir='ltr'>quod</span> <span class='ocrx_word' id='word_1_43' title='bbox 1048 585 1089 621; x_wconf 88' lang='lat' dir='ltr'>in</span> <span class='ocrx_word' id='word_1_44' title='bbox 1110 583 1313 633; x_wconf 88' lang='lat' dir='ltr'>triumpho</span> <span class='ocrx_word' id='word_1_45' title='bbox 1344 585 1552 621; x_wconf 87' lang='lat' dir='ltr'>neminem</span> <span class='ocrx_word' id='word_1_46' title='bbox 1568 583 1696 621; x_wconf 89' lang='lat' dir='ltr'>offen-</span> 
     </span>
     <span class='ocr_line' id='line_1_7' title="bbox 230 652 1696 703; baseline 0 -12"><span class='ocrx_word' id='word_1_47' title='bbox 230 654 355 692; x_wconf 85' lang='lat' dir='ltr'>debat</span> <span class='ocrx_word' id='word_1_48' title='bbox 400 654 478 692; x_wconf 95' lang='lat' dir='ltr'>hoc</span> <span class='ocrx_word' id='word_1_49' title='bbox 520 667 593 703; x_wconf 90' lang='lat' dir='ltr'>pro</span> <span class='ocrx_word' id='word_1_50' title='bbox 639 654 786 703; x_wconf 88' lang='lat' dir='ltr'>insigni</span> <span class='ocrx_word' id='word_1_51' title='bbox 828 666 1022 703; x_wconf 90' lang='lat' dir='ltr'>usurpare</span> <span class='ocrx_word' id='word_1_52' title='bbox 1069 653 1204 691; x_wconf 89' lang='lat' dir='ltr'>hercle</span> <span class='ocrx_word' id='word_1_53' title='bbox 1248 653 1453 691; x_wconf 90' lang='lat' dir='ltr'>neminem</span> <span class='ocrx_word' id='word_1_54' title='bbox 1499 652 1696 703; x_wconf 87' lang='lat' dir='ltr'>pudebat.</span> 
     </span>
     <span class='ocr_line' id='line_1_8' title="bbox 229 721 1696 775; baseline -0.001 -16"><span class='ocrx_word' id='word_1_55' title='bbox 229 723 372 760; x_wconf 90' lang='lat' dir='ltr'>Fuisse</span> <span class='ocrx_word' id='word_1_56' title='bbox 407 728 546 761; x_wconf 89' lang='lat' dir='ltr'>autem</span> <span class='ocrx_word' id='word_1_57' title='bbox 575 723 802 760; x_wconf 90' lang='lat' dir='ltr'>membrum</span> <span class='ocrx_word' id='word_1_58' title='bbox 838 722 1014 761; x_wconf 89' lang='lat' dir='ltr'>familiae</span> <span class='ocrx_word' id='word_1_59' title='bbox 1036 722 1195 771; x_wconf 85' lang='lat' dir='ltr'>insigne</span> <span class='ocrx_word' id='word_1_60' title='bbox 1217 721 1382 759; x_wconf 89' lang='lat' dir='ltr'>tabulae</span> <span class='ocrx_word' id='word_1_61' title='bbox 1397 721 1696 775; x_wconf 79' lang='lat' dir='ltr'>Heracleenses</span> 
     </span>
     <span class='ocr_line' id='line_1_9' title="bbox 228 788 1696 840; baseline -0.001 -13"><span class='ocrx_word' id='word_1_62' title='bbox 228 795 431 828; x_wconf 88' lang='lat' dir='ltr'>testantur</span> <span class='ocrx_word' id='word_1_63' title='bbox 461 788 558 828; x_wconf 92' lang='lat' dir='ltr'>CIG</span> <span class='ocrx_word' id='word_1_64' title='bbox 590 799 713 840; x_wconf 85' lang='lat'><strong>5774,</strong></span> <span class='ocrx_word' id='word_1_65' title='bbox 744 790 812 828; x_wconf 90' lang='lat' dir='ltr'>ubi</span> <span class='ocrx_word' id='word_1_66' title='bbox 844 790 917 828; x_wconf 90' lang='lat' dir='ltr'>sub</span> <span class='ocrx_word' id='word_1_67' title='bbox 949 789 1073 828; x_wconf 88' lang='lat' dir='ltr'>finem</span> <span class='ocrx_word' id='word_1_68' title='bbox 1101 803 1138 829; x_wconf 92' lang='lat' dir='ltr'>u.</span> <span class='ocrx_word' id='word_1_69' title='bbox 1177 788 1252 837; x_wconf 88' lang='lat'>184</span> <span class='ocrx_word' id='word_1_70' title='bbox 1284 789 1521 838; x_wconf 86' lang='lat' dir='ltr'>inscriptum</span> <span class='ocrx_word' id='word_1_71' title='bbox 1551 794 1617 826; x_wconf 87' lang='lat' dir='ltr'>est</span> <span class='ocrx_word' id='word_1_72' title='bbox 1645 798 1696 826; x_wconf 68' lang='lat' dir='ltr'>fe</span> 
     </span>
     <span class='ocr_line' id='line_1_10' title="bbox 227 855 1696 908; baseline -0.001 -11"><span class='ocrx_word' id='word_1_73' title='bbox 227 857 346 905; x_wconf 86' lang='grc' dir='ltr'>γυῖον</span> <span class='ocrx_word' id='word_1_74' title='bbox 373 855 554 907; x_wconf 87' lang='grc' dir='ltr'>Πεισίας</span> <span class='ocrx_word' id='word_1_75' title='bbox 585 855 841 908; x_wconf 83' lang='grc' dir='ltr'>Λεοντίσκω,</span> <span class='ocrx_word' id='word_1_76' title='bbox 885 864 968 895; x_wconf 91' lang='lat' dir='ltr'>tum</span> <span class='ocrx_word' id='word_1_77' title='bbox 997 871 1034 897; x_wconf 91' lang='lat' dir='ltr'>u.</span> <span class='ocrx_word' id='word_1_78' title='bbox 1073 858 1145 907; x_wconf 90' lang='lat'>187</span> <span class='ocrx_word' id='word_1_79' title='bbox 1192 855 1464 906; x_wconf 88' lang='grc' dir='ltr'>γραμματεὺς</span> <span class='ocrx_word' id='word_1_80' title='bbox 1494 868 1544 896; x_wconf 64' lang='lat' dir='ltr'>fe</span> <span class='ocrx_word' id='word_1_81' title='bbox 1574 856 1696 903; x_wconf 86' lang='grc' dir='ltr'>γυῖον</span> 
     </span>
     <span class='ocr_line' id='line_1_11' title="bbox 226 921 1696 974; baseline -0.002 -11"><span class='ocrx_word' id='word_1_82' title='bbox 226 921 539 974; x_wconf 84' lang='grc' dir='ltr'>Ἀριστόδαμος</span> <span class='ocrx_word' id='word_1_83' title='bbox 587 922 816 974; x_wconf 89' lang='grc' dir='ltr'>Συμμάχω.</span> <span class='ocrx_word' id='word_1_84' title='bbox 886 925 1107 963; x_wconf 69' lang='lat' dir='ltr'>stlembrum</span> <span class='ocrx_word' id='word_1_85' title='bbox 1157 926 1243 962; x_wconf 88' lang='lat' dir='ltr'>istis</span> <span class='ocrx_word' id='word_1_86' title='bbox 1288 925 1448 962; x_wconf 92' lang='lat' dir='ltr'>duobus</span> <span class='ocrx_word' id='word_1_87' title='bbox 1492 925 1585 961; x_wconf 91' lang='lat' dir='ltr'>uiris</span> <span class='ocrx_word' id='word_1_88' title='bbox 1628 925 1696 974; x_wconf 89' lang='lat' dir='ltr'>qui</span> 
     </span>
     <span class='ocr_line' id='line_1_12' title="bbox 229 989 1691 1042; baseline 0 -13"><span class='ocrx_word' id='word_1_89' title='bbox 229 992 412 1030; x_wconf 90' lang='lat' dir='ltr'>eiusdem</span> <span class='ocrx_word' id='word_1_90' title='bbox 442 993 568 1030; x_wconf 89' lang='lat' dir='ltr'>tribus</span> <span class='ocrx_word' id='word_1_91' title='bbox 600 998 695 1030; x_wconf 88' lang='lat' dir='ltr'>sunt</span> <span class='ocrx_word' id='word_1_92' title='bbox 725 999 769 1030; x_wconf 89' lang='lat' dir='ltr'>ut</span> <span class='ocrx_word' id='word_1_93' title='bbox 799 994 945 1031; x_wconf 89' lang='lat' dir='ltr'>ceteris</span> <span class='ocrx_word' id='word_1_94' title='bbox 977 994 1055 1031; x_wconf 90' lang='lat' dir='ltr'>alia</span> <span class='ocrx_word' id='word_1_95' title='bbox 1071 993 1244 1042; x_wconf 88' lang='lat' dir='ltr'>insignia</span> <span class='ocrx_word' id='word_1_96' title='bbox 1273 993 1384 1030; x_wconf 90' lang='lat' dir='ltr'>uelut</span> <span class='ocrx_word' id='word_1_97' title='bbox 1414 989 1592 1041; x_wconf 85' lang='grc' dir='ltr'>τρίπους</span> <span class='ocrx_word' id='word_1_98' title='bbox 1622 1002 1691 1029; x_wconf 88' lang='grc' dir='ltr'>κα·</span> 
     </span>
     <span class='ocr_line' id='line_1_13' title="bbox 226 1056 1693 1109; baseline -0.003 -10"><span class='ocrx_word' id='word_1_99' title='bbox 226 1056 396 1109; x_wconf 86' lang='grc' dir='ltr'>ρύκειον</span> <span class='ocrx_word' id='word_1_100' title='bbox 424 1057 560 1099; x_wconf 84' lang='grc' dir='ltr'>πέλτα</span> <span class='ocrx_word' id='word_1_101' title='bbox 590 1060 871 1109; x_wconf 88' lang='lat' dir='ltr'>praepositum</span> <span class='ocrx_word' id='word_1_102' title='bbox 901 1060 998 1097; x_wconf 88' lang='lat' dir='ltr'>nihil</span> <span class='ocrx_word' id='word_1_103' title='bbox 1028 1060 1105 1097; x_wconf 89' lang='lat' dir='ltr'>nisi</span> <span class='ocrx_word' id='word_1_104' title='bbox 1136 1060 1335 1098; x_wconf 86' lang='lat' dir='ltr'>fascinum</span> <span class='ocrx_word' id='word_1_105' title='bbox 1366 1059 1591 1108; x_wconf 86' lang='lat' dir='ltr'>significare</span> <span class='ocrx_word' id='word_1_106' title='bbox 1621 1070 1693 1107; x_wconf 91' lang='lat' dir='ltr'>po-</span> 
     </span>
     <span class='ocr_line' id='line_1_14' title="bbox 227 1125 1692 1177; baseline 0.001 -14"><span class='ocrx_word' id='word_1_107' title='bbox 227 1133 308 1163; x_wconf 88' lang='lat' dir='ltr'>test</span> <span class='ocrx_word' id='word_1_108' title='bbox 336 1125 475 1174; x_wconf 72' lang='grc' dir='ltr'>(γυῑον</span> <span class='ocrx_word' id='word_1_109' title='bbox 504 1140 578 1175; x_wconf 91' lang='lat' dir='ltr'>pro</span> <span class='ocrx_word' id='word_1_110' title='bbox 611 1129 815 1176; x_wconf 89' lang='lat' dir='ltr'>pudendis</span> <span class='ocrx_word' id='word_1_111' title='bbox 846 1128 1106 1165; x_wconf 89' lang='lat' dir='ltr'>muliebribus</span> <span class='ocrx_word' id='word_1_112' title='bbox 1137 1129 1315 1177; x_wconf 91' lang='lat' dir='ltr'>positum</span> <span class='ocrx_word' id='word_1_113' title='bbox 1346 1134 1409 1165; x_wconf 92' lang='lat' dir='ltr'>est</span> <span class='ocrx_word' id='word_1_114' title='bbox 1436 1128 1557 1166; x_wconf 87' lang='lat' dir='ltr'>Hom.</span> <span class='ocrx_word' id='word_1_115' title='bbox 1589 1128 1692 1176; x_wconf 88' lang='lat' dir='ltr'>hym.</span> 
     </span>
     <span class='ocr_line' id='line_1_15' title="bbox 226 1192 1693 1243; baseline 0.001 -13"><span class='ocrx_word' id='word_1_116' title='bbox 226 1193 266 1230; x_wconf 87' lang='lat' dir='ltr'>in</span> <span class='ocrx_word' id='word_1_117' title='bbox 297 1193 423 1233; x_wconf 91' lang='lat' dir='ltr'>Merc.</span> <span class='ocrx_word' id='word_1_118' title='bbox 460 1204 512 1231; x_wconf 91' lang='lat'>20</span> <span class='ocrx_word' id='word_1_119' title='bbox 541 1199 584 1232; x_wconf 88' lang='lat' dir='ltr'>et</span> <span class='ocrx_word' id='word_1_120' title='bbox 613 1193 769 1234; x_wconf 89' lang='lat' dir='ltr'>Callim.</span> <span class='ocrx_word' id='word_1_121' title='bbox 801 1193 936 1243; x_wconf 87' lang='lat' dir='ltr'>hymn.</span> <span class='ocrx_word' id='word_1_122' title='bbox 969 1194 1009 1232; x_wconf 91' lang='lat' dir='ltr'>in</span> <span class='ocrx_word' id='word_1_123' title='bbox 1039 1194 1159 1233; x_wconf 90' lang='lat' dir='ltr'>Dian.</span> <span class='ocrx_word' id='word_1_124' title='bbox 1193 1192 1285 1243; x_wconf 88' lang='lat'>25):</span> <span class='ocrx_word' id='word_1_125' title='bbox 1326 1194 1406 1231; x_wconf 91' lang='lat' dir='ltr'>alia</span> <span class='ocrx_word' id='word_1_126' title='bbox 1436 1194 1543 1232; x_wconf 91' lang='lat' dir='ltr'>enim</span> <span class='ocrx_word' id='word_1_127' title='bbox 1569 1206 1693 1232; x_wconf 91' lang='lat' dir='ltr'>mem-</span> 
     </span>
     <span class='ocr_line' id='line_1_16' title="bbox 227 1262 1694 1313; baseline 0.001 -15"><span class='ocrx_word' id='word_1_128' title='bbox 227 1262 298 1298; x_wconf 89' lang='lat' dir='ltr'>bra</span> <span class='ocrx_word' id='word_1_129' title='bbox 328 1263 546 1312; x_wconf 86' lang='lat' dir='ltr'>praecipue</span> <span class='ocrx_word' id='word_1_130' title='bbox 579 1275 668 1300; x_wconf 91' lang='lat' dir='ltr'>cum</span> <span class='ocrx_word' id='word_1_131' title='bbox 700 1264 754 1300; x_wconf 90' lang='lat' dir='ltr'>de</span> <span class='ocrx_word' id='word_1_132' title='bbox 782 1264 1007 1312; x_wconf 88' lang='lat' dir='ltr'>insignibus</span> <span class='ocrx_word' id='word_1_133' title='bbox 1040 1271 1186 1313; x_wconf 84' lang='lat' dir='ltr'>agatur</span> <span class='ocrx_word' id='word_1_134' title='bbox 1211 1269 1374 1312; x_wconf 88' lang='lat' dir='ltr'>praeter</span> <span class='ocrx_word' id='word_1_135' title='bbox 1393 1269 1596 1301; x_wconf 88' lang='lat' dir='ltr'>ueretrum</span> <span class='ocrx_word' id='word_1_136' title='bbox 1618 1275 1694 1300; x_wconf 90' lang='lat' dir='ltr'>suo</span> 
     </span>
     <span class='ocr_line' id='line_1_17' title="bbox 187 1329 1693 1381; baseline 0 -14"><span class='ocrx_word' id='word_1_137' title='bbox 187 1354 192 1358; x_wconf 92' lang='lat'>-</span> <span class='ocrx_word' id='word_1_138' title='bbox 225 1330 390 1368; x_wconf 90' lang='lat' dir='ltr'>nomine</span> <span class='ocrx_word' id='word_1_139' title='bbox 420 1330 628 1381; x_wconf 90' lang='lat' dir='ltr'>appellare</span> <span class='ocrx_word' id='word_1_140' title='bbox 658 1342 781 1368; x_wconf 89' lang='lat' dir='ltr'>nemo</span> <span class='ocrx_word' id='word_1_141' title='bbox 815 1331 964 1369; x_wconf 90' lang='lat' dir='ltr'>ueritus</span> <span class='ocrx_word' id='word_1_142' title='bbox 1004 1329 1172 1379; x_wconf 83' lang='lat' dir='ltr'>esset2).</span> <span class='ocrx_word' id='word_1_143' title='bbox 1232 1329 1296 1368; x_wconf 92' lang='lat' dir='ltr'>De</span> <span class='ocrx_word' id='word_1_144' title='bbox 1327 1330 1469 1369; x_wconf 88' lang='lat' dir='ltr'>fascini</span> <span class='ocrx_word' id='word_1_145' title='bbox 1498 1330 1693 1380; x_wconf 88' lang='lat' dir='ltr'>religione</span> 
     </span>
     <span class='ocr_line' id='line_1_18' title="bbox 225 1398 1693 1448; baseline 0.001 -13"><span class='ocrx_word' id='word_1_146' title='bbox 225 1398 333 1435; x_wconf 91' lang='lat' dir='ltr'>conf.</span> <span class='ocrx_word' id='word_1_147' title='bbox 366 1398 415 1436; x_wconf 89' lang='lat' dir='ltr'>O.</span> <span class='ocrx_word' id='word_1_148' title='bbox 446 1398 548 1435; x_wconf 88' lang='lat' dir='ltr'>Iahn</span> <span class='ocrx_word' id='word_1_149' title='bbox 581 1399 669 1438; x_wconf 88' lang='lat' dir='ltr'>Ber.</span> <span class='ocrx_word' id='word_1_150' title='bbox 701 1400 740 1438; x_wconf 92' lang='lat' dir='ltr'>d.</span> <span class='ocrx_word' id='word_1_151' title='bbox 773 1399 929 1438; x_wconf 88' lang='lat' dir='ltr'>saechs.</span> <span class='ocrx_word' id='word_1_152' title='bbox 954 1399 1050 1438; x_wconf 81' lang='lat' dir='ltr'>Ges.</span> <span class='ocrx_word' id='word_1_153' title='bbox 1084 1400 1125 1437; x_wconf 95' lang='lat' dir='ltr'>d.</span> <span class='ocrx_word' id='word_1_154' title='bbox 1145 1399 1392 1437; x_wconf 90' lang='lat' dir='ltr'>Wissensch.</span> <span class='ocrx_word' id='word_1_155' title='bbox 1425 1398 1526 1446; x_wconf 82' lang='lat'>1855</span> <span class='ocrx_word' id='word_1_156' title='bbox 1557 1412 1595 1448; x_wconf 93' lang='lat' dir='ltr'>p.</span> <span class='ocrx_word' id='word_1_157' title='bbox 1631 1409 1693 1447; x_wconf 91' lang='lat'>71.</span> 
     </span>
    </p>

    <p class='ocr_par' dir='ltr' id='par_1_3' title="bbox 225 1466 1692 1583">
     <span class='ocr_line' id='line_1_19' title="bbox 358 1466 1692 1516; baseline 0 -13"><span class='ocrx_word' id='word_1_158' title='bbox 358 1466 508 1504; x_wconf 85' lang='lat' dir='ltr'>Secuta</span> <span class='ocrx_word' id='word_1_159' title='bbox 539 1472 602 1504; x_wconf 88' lang='lat' dir='ltr'>est</span> <span class='ocrx_word' id='word_1_160' title='bbox 634 1468 884 1505; x_wconf 87' lang='lat' dir='ltr'>accusatoris</span> <span class='ocrx_word' id='word_1_161' title='bbox 925 1468 1152 1505; x_wconf 88' lang='lat' dir='ltr'>orationem</span> <span class='ocrx_word' id='word_1_162' title='bbox 1191 1467 1324 1504; x_wconf 89' lang='lat' dir='ltr'>oratio</span> <span class='ocrx_word' id='word_1_163' title='bbox 1355 1467 1423 1511; x_wconf 88' lang='lat' dir='ltr'>rei,</span> <span class='ocrx_word' id='word_1_164' title='bbox 1462 1467 1527 1516; x_wconf 93' lang='lat' dir='ltr'>qui</span> <span class='ocrx_word' id='word_1_165' title='bbox 1562 1466 1692 1516; x_wconf 89' lang='lat' dir='ltr'>primo</span> 
     </span>
     <span class='ocr_line' id='line_1_20' title="bbox 225 1534 1384 1583; baseline 0.001 -14"><span class='ocrx_word' id='word_1_166' title='bbox 225 1538 396 1570; x_wconf 90' lang='lat' dir='ltr'>uenuste</span> <span class='ocrx_word' id='word_1_167' title='bbox 418 1539 525 1571; x_wconf 87' lang='lat' dir='ltr'>artes</span> <span class='ocrx_word' id='word_1_168' title='bbox 556 1535 729 1583; x_wconf 90' lang='lat' dir='ltr'>pueriles</span> <span class='ocrx_word' id='word_1_169' title='bbox 761 1535 921 1572; x_wconf 91' lang='lat' dir='ltr'>Albucii</span> <span class='ocrx_word' id='word_1_170' title='bbox 951 1536 1052 1572; x_wconf 89' lang='lat' dir='ltr'>ludit</span> <span class='ocrx_word' id='word_1_171' title='bbox 1079 1535 1263 1572; x_wconf 90' lang='lat' dir='ltr'>uersibus</span> <span class='ocrx_word' id='word_1_172' title='bbox 1294 1534 1384 1571; x_wconf 88' lang='lat' dir='ltr'>illis:</span> 
     </span>
    </p>
   </div>
   <div class='ocr_carea' id='block_1_3' title="bbox 335 1616 1589 1805">
    <p class='ocr_par' dir='ltr' id='par_1_4' title="bbox 335 1616 1589 1805">
     <span class='ocr_line' id='line_1_21' title="bbox 337 1616 1589 1668; baseline -0.001 -13"><span class='ocrx_word' id='word_1_173' title='bbox 337 1618 471 1665; x_wconf 87' lang='lat' dir='ltr'>Quam</span> <span class='ocrx_word' id='word_1_174' title='bbox 501 1619 637 1667; x_wconf 89' lang='lat' dir='ltr'>lepide</span> <span class='ocrx_word' id='word_1_175' title='bbox 668 1616 803 1668; x_wconf 86' lang='grc' dir='ltr'>λέξεις</span> <span class='ocrx_word' id='word_1_176' title='bbox 832 1625 1086 1668; x_wconf 85' lang='lat' dir='ltr'>compostae,</span> <span class='ocrx_word' id='word_1_177' title='bbox 1121 1624 1166 1656; x_wconf 87' lang='lat' dir='ltr'>ut</span> <span class='ocrx_word' id='word_1_178' title='bbox 1197 1618 1417 1656; x_wconf 86' lang='lat' dir='ltr'>tesserulae</span> <span class='ocrx_word' id='word_1_179' title='bbox 1448 1629 1589 1655; x_wconf 86' lang='lat' dir='ltr'>omnes</span> 
     </span>
     <span class='ocr_line' id='line_1_22' title="bbox 336 1683 1424 1738; baseline -0.001 -15"><span class='ocrx_word' id='word_1_180' title='bbox 336 1691 422 1723; x_wconf 89' lang='lat' dir='ltr'>arte</span> <span class='ocrx_word' id='word_1_181' title='bbox 452 1686 678 1735; x_wconf 89' lang='lat' dir='ltr'>pauimenti</span> <span class='ocrx_word' id='word_1_182' title='bbox 709 1692 835 1738; x_wconf 86' lang='lat' dir='ltr'>atque</span> <span class='ocrx_word' id='word_1_183' title='bbox 865 1688 1109 1724; x_wconf 89' lang='lat' dir='ltr'>emblemate</span> <span class='ocrx_word' id='word_1_184' title='bbox 1141 1683 1424 1723; x_wconf 90' lang='lat' dir='ltr'>uermiculato!</span> 
     </span>
     <span class='ocr_line' id='line_1_23' title="bbox 335 1749 1535 1805; baseline 0 -15"><span class='ocrx_word' id='word_1_185' title='bbox 335 1752 527 1791; x_wconf 89' lang='lat' dir='ltr'>Crassum</span> <span class='ocrx_word' id='word_1_186' title='bbox 557 1753 690 1791; x_wconf 90' lang='lat' dir='ltr'>habeo</span> <span class='ocrx_word' id='word_1_187' title='bbox 722 1766 932 1805; x_wconf 89' lang='lat' dir='ltr'>generum,</span> <span class='ocrx_word' id='word_1_188' title='bbox 964 1767 1017 1792; x_wconf 90' lang='lat' dir='ltr'>ne</span> <span class='ocrx_word' id='word_1_189' title='bbox 1049 1751 1356 1792; x_wconf 88' lang='lat' dir='ltr'>rhetoricotero’</span> <span class='ocrx_word' id='word_1_190' title='bbox 1389 1759 1432 1791; x_wconf 88' lang='lat' dir='ltr'>tu</span> <span class='ocrx_word' id='word_1_191' title='bbox 1462 1749 1535 1791; x_wconf 87' lang='lat' dir='ltr'>sis!</span> 
     </span>
    </p>
   </div>
   <div class='ocr_carea' id='block_1_4' title="bbox 225 1837 1196 1886">
    <p class='ocr_par' dir='ltr' id='par_1_5' title="bbox 225 1837 1196 1886">
     <span class='ocr_line' id='line_1_24' title="bbox 225 1837 1196 1886; baseline 0.002 -12"><span class='ocrx_word' id='word_1_192' title='bbox 225 1837 348 1874; x_wconf 89' lang='lat' dir='ltr'>Porro</span> <span class='ocrx_word' id='word_1_193' title='bbox 378 1837 501 1875; x_wconf 91' lang='lat' dir='ltr'>Mucii</span> <span class='ocrx_word' id='word_1_194' title='bbox 531 1839 656 1877; x_wconf 88' lang='lat' dir='ltr'>uerba</span> <span class='ocrx_word' id='word_1_195' title='bbox 687 1839 821 1877; x_wconf 89' lang='lat' dir='ltr'>habeo</span> <span class='ocrx_word' id='word_1_196' title='bbox 852 1853 890 1877; x_wconf 93' lang='lat' dir='ltr'>u.</span> <span class='ocrx_word' id='word_1_197' title='bbox 921 1839 971 1876; x_wconf 86' lang='lat'>62</span> <span class='ocrx_word' id='word_1_198' title='bbox 1006 1840 1039 1877; x_wconf 97' lang='lat' dir='ltr'>L</span> <span class='ocrx_word' id='word_1_199' title='bbox 1073 1849 1121 1886; x_wconf 88' lang='lat'>25</span> <span class='ocrx_word' id='word_1_200' title='bbox 1153 1839 1196 1876; x_wconf 91' lang='lat' dir='ltr'><strong>M</strong></span> 
     </span>
    </p>
   </div>
   <div class='ocr_carea' id='block_1_5' title="bbox 216 1998 1692 2881">
    <p class='ocr_par' dir='ltr' id='par_1_6' title="bbox 217 1998 1692 2517">
     <span class='ocr_line' id='line_1_25' title="bbox 371 1998 1692 2044; baseline -0.002 -12"><span class='ocrx_word' id='word_1_201' title='bbox 371 2000 398 2044; x_wconf 86' lang='lat'>¹)</span> <span class='ocrx_word' id='word_1_202' title='bbox 424 2000 550 2033; x_wconf 90' lang='lat' dir='ltr'>Illudit</span> <span class='ocrx_word' id='word_1_203' title='bbox 579 2001 682 2042; x_wconf 88' lang='lat' dir='ltr'>igitur</span> <span class='ocrx_word' id='word_1_204' title='bbox 715 2001 892 2033; x_wconf 88' lang='lat' dir='ltr'>Albucius</span> <span class='ocrx_word' id='word_1_205' title='bbox 926 2002 961 2033; x_wconf 92' lang='lat' dir='ltr'>in</span> <span class='ocrx_word' id='word_1_206' title='bbox 987 2012 1111 2033; x_wconf 88' lang='lat' dir='ltr'>nomen</span> <span class='ocrx_word' id='word_1_207' title='bbox 1141 2006 1174 2032; x_wconf 91' lang='lat' dir='ltr'>et</span> <span class='ocrx_word' id='word_1_208' title='bbox 1199 2001 1336 2042; x_wconf 86' lang='lat' dir='ltr'>signum</span> <span class='ocrx_word' id='word_1_209' title='bbox 1361 1999 1565 2039; x_wconf 82' lang='lat' dir='ltr'>Scaeuolae,</span> <span class='ocrx_word' id='word_1_210' title='bbox 1604 1998 1692 2030; x_wconf 86' lang='lat' dir='ltr'>sicut</span> 
     </span>
     <span class='ocr_line' id='line_1_26' title="bbox 220 2057 1688 2101; baseline -0.002 -11"><span class='ocrx_word' id='word_1_211' title='bbox 220 2059 290 2092; x_wconf 90' lang='lat' dir='ltr'>Cic.</span> <span class='ocrx_word' id='word_1_212' title='bbox 318 2059 354 2091; x_wconf 90' lang='lat' dir='ltr'>in</span> <span class='ocrx_word' id='word_1_213' title='bbox 380 2061 486 2093; x_wconf 89' lang='lat' dir='ltr'>Uerr.</span> <span class='ocrx_word' id='word_1_214' title='bbox 504 2061 521 2091; x_wconf 90' lang='lat'>1</span> <span class='ocrx_word' id='word_1_215' title='bbox 546 2068 608 2092; x_wconf 87' lang='lat'>121</span> <span class='ocrx_word' id='word_1_216' title='bbox 641 2061 678 2092; x_wconf 93' lang='lat' dir='ltr'>II</span> <span class='ocrx_word' id='word_1_217' title='bbox 708 2068 761 2101; x_wconf 90' lang='lat'>19.</span> <span class='ocrx_word' id='word_1_218' title='bbox 791 2068 852 2101; x_wconf 88' lang='lat'>191</span> <span class='ocrx_word' id='word_1_219' title='bbox 887 2061 955 2093; x_wconf 91' lang='lat' dir='ltr'>diu.</span> <span class='ocrx_word' id='word_1_220' title='bbox 982 2061 1018 2092; x_wconf 89' lang='lat' dir='ltr'>in</span> <span class='ocrx_word' id='word_1_221' title='bbox 1037 2060 1166 2092; x_wconf 88' lang='lat' dir='ltr'>Caecil.</span> <span class='ocrx_word' id='word_1_222' title='bbox 1186 2068 1228 2101; x_wconf 85' lang='lat'>57</span> <span class='ocrx_word' id='word_1_223' title='bbox 1255 2059 1377 2091; x_wconf 87' lang='lat' dir='ltr'>Uerris</span> <span class='ocrx_word' id='word_1_224' title='bbox 1403 2067 1529 2090; x_wconf 89' lang='lat' dir='ltr'>nomen</span> <span class='ocrx_word' id='word_1_225' title='bbox 1555 2057 1688 2088; x_wconf 74' lang='lat' dir='ltr'>irridet.</span> 
     </span>
     <span class='ocr_line' id='line_1_27' title="bbox 220 2116 1687 2162; baseline -0.002 -12"><span class='ocrx_word' id='word_1_226' title='bbox 220 2119 388 2151; x_wconf 85' lang='lat' dir='ltr'>Horatius</span> <span class='ocrx_word' id='word_1_227' title='bbox 417 2125 480 2152; x_wconf 88' lang='lat' dir='ltr'>sat.</span> <span class='ocrx_word' id='word_1_228' title='bbox 507 2121 524 2151; x_wconf 93' lang='lat'>1</span> <span class='ocrx_word' id='word_1_229' title='bbox 551 2127 569 2160; x_wconf 90' lang='lat'>7</span> <span class='ocrx_word' id='word_1_230' title='bbox 598 2119 661 2151; x_wconf 88' lang='lat' dir='ltr'>ubi</span> <span class='ocrx_word' id='word_1_231' title='bbox 688 2120 827 2162; x_wconf 89' lang='lat' dir='ltr'>Rupilii</span> <span class='ocrx_word' id='word_1_232' title='bbox 852 2120 965 2161; x_wconf 87' lang='lat' dir='ltr'>Regis</span> <span class='ocrx_word' id='word_1_233' title='bbox 1000 2126 1034 2151; x_wconf 90' lang='lat' dir='ltr'>et</span> <span class='ocrx_word' id='word_1_234' title='bbox 1069 2120 1180 2151; x_wconf 89' lang='lat' dir='ltr'>Persii</span> <span class='ocrx_word' id='word_1_235' title='bbox 1210 2119 1373 2151; x_wconf 89' lang='lat' dir='ltr'>iudicium</span> <span class='ocrx_word' id='word_1_236' title='bbox 1404 2121 1573 2155; x_wconf 83' lang='lat' dir='ltr'>narratur,</span> <span class='ocrx_word' id='word_1_237' title='bbox 1613 2116 1687 2148; x_wconf 90' lang='lat' dir='ltr'>sine</span> 
     </span>
     <span class='ocr_line' id='line_1_28' title="bbox 220 2176 1688 2220; baseline -0.001 -12"><span class='ocrx_word' id='word_1_238' title='bbox 220 2176 328 2208; x_wconf 92' lang='lat' dir='ltr'>dubio</span> <span class='ocrx_word' id='word_1_239' title='bbox 365 2177 490 2209; x_wconf 93' lang='lat' dir='ltr'>Lucilii</span> <span class='ocrx_word' id='word_1_240' title='bbox 530 2177 727 2220; x_wconf 87' lang='lat' dir='ltr'>exemplum</span> <span class='ocrx_word' id='word_1_241' title='bbox 772 2178 946 2220; x_wconf 87' lang='lat' dir='ltr'>sequitur:</span> <span class='ocrx_word' id='word_1_242' title='bbox 995 2189 1027 2210; x_wconf 92' lang='lat' dir='ltr'>u.</span> <span class='ocrx_word' id='word_1_243' title='bbox 1055 2186 1098 2220; x_wconf 90' lang='lat'>35</span> <span class='ocrx_word' id='word_1_244' title='bbox 1137 2178 1278 2209; x_wconf 87' lang='lat' dir='ltr'>Persius</span> <span class='ocrx_word' id='word_1_245' title='bbox 1318 2187 1510 2218; x_wconf 88' lang='lat' dir='ltr'>cognomen</span> <span class='ocrx_word' id='word_1_246' title='bbox 1552 2176 1688 2218; x_wconf 92' lang='lat' dir='ltr'>Rupilii</span> 
     </span>
     <span class='ocr_line' id='line_1_29' title="bbox 217 2236 1687 2279; baseline -0.001 -12"><span class='ocrx_word' id='word_1_247' title='bbox 217 2236 318 2268; x_wconf 86' lang='lat' dir='ltr'>ludit.</span> <span class='ocrx_word' id='word_1_248' title='bbox 370 2236 583 2269; x_wconf 87' lang='lat' dir='ltr'>Consideres</span> <span class='ocrx_word' id='word_1_249' title='bbox 609 2237 644 2268; x_wconf 90' lang='lat' dir='ltr'>in</span> <span class='ocrx_word' id='word_1_250' title='bbox 668 2248 701 2270; x_wconf 91' lang='lat' dir='ltr'>u.</span> <span class='ocrx_word' id='word_1_251' title='bbox 729 2237 915 2269; x_wconf 89' lang='lat' dir='ltr'>Luciliano</span> <span class='ocrx_word' id='word_1_252' title='bbox 955 2238 999 2269; x_wconf 86' lang='lat' dir='ltr'>ad</span> <span class='ocrx_word' id='word_1_253' title='bbox 1038 2242 1125 2279; x_wconf 79' lang='lat' dir='ltr'>opus</span> <span class='ocrx_word' id='word_1_254' title='bbox 1153 2236 1362 2269; x_wconf 89' lang='lat' dir='ltr'>uocabulum</span> <span class='ocrx_word' id='word_1_255' title='bbox 1398 2241 1479 2267; x_wconf 86' lang='lat' dir='ltr'>erat</span> <span class='ocrx_word' id='word_1_256' title='bbox 1503 2245 1581 2267; x_wconf 87' lang='lat' dir='ltr'>esse</span> <span class='ocrx_word' id='word_1_257' title='bbox 1609 2245 1687 2278; x_wconf 89' lang='lat' dir='ltr'>sup-</span> 
     </span>
     <span class='ocr_line' id='line_1_30' title="bbox 218 2295 1687 2338; baseline 0 -11"><span class='ocrx_word' id='word_1_258' title='bbox 218 2295 398 2338; x_wconf 89' lang='lat' dir='ltr'>plendum,</span> <span class='ocrx_word' id='word_1_259' title='bbox 425 2295 455 2328; x_wconf 89' lang='lat' dir='ltr'>si</span> <span class='ocrx_word' id='word_1_260' title='bbox 479 2296 589 2328; x_wconf 92' lang='lat' dir='ltr'>uerba</span> <span class='ocrx_word' id='word_1_261' title='bbox 629 2296 811 2338; x_wconf 87' lang='lat' dir='ltr'>sequentia</span> <span class='ocrx_word' id='word_1_262' title='bbox 846 2297 927 2328; x_wconf 89' lang='lat' dir='ltr'>inde</span> <span class='ocrx_word' id='word_1_263' title='bbox 954 2297 998 2327; x_wconf 90' lang='lat' dir='ltr'>ab</span> <span class='ocrx_word' id='word_1_264' title='bbox 1025 2302 1067 2328; x_wconf 87' lang='lat' dir='ltr'>ut</span> <span class='ocrx_word' id='word_1_265' title='bbox 1092 2298 1303 2327; x_wconf 82' lang='lat' dir='ltr'>lurcaretur</span> <span class='ocrx_word' id='word_1_266' title='bbox 1329 2296 1373 2327; x_wconf 88' lang='lat' dir='ltr'>ad</span> <span class='ocrx_word' id='word_1_267' title='bbox 1400 2296 1500 2327; x_wconf 89' lang='lat' dir='ltr'>illum</span> <span class='ocrx_word' id='word_1_268' title='bbox 1525 2307 1558 2328; x_wconf 90' lang='lat' dir='ltr'>u.</span> <span class='ocrx_word' id='word_1_269' title='bbox 1583 2297 1687 2338; x_wconf 88' lang='lat' dir='ltr'>perti-</span> 
     </span>
     <span class='ocr_line' id='line_1_31' title="bbox 218 2355 1686 2399; baseline 0.001 -13"><span class='ocrx_word' id='word_1_270' title='bbox 218 2358 319 2388; x_wconf 84' lang='lat' dir='ltr'>nent:</span> <span class='ocrx_word' id='word_1_271' title='bbox 358 2355 453 2398; x_wconf 91' lang='lat' dir='ltr'>quod</span> <span class='ocrx_word' id='word_1_272' title='bbox 493 2355 521 2387; x_wconf 88' lang='lat' dir='ltr'>si</span> <span class='ocrx_word' id='word_1_273' title='bbox 559 2360 691 2388; x_wconf 86' lang='lat' dir='ltr'>rectum</span> <span class='ocrx_word' id='word_1_274' title='bbox 730 2361 794 2399; x_wconf 81' lang='lat' dir='ltr'>est,</span> <span class='ocrx_word' id='word_1_275' title='bbox 832 2356 1005 2388; x_wconf 84' lang='lat' dir='ltr'>Albucius</span> <span class='ocrx_word' id='word_1_276' title='bbox 1045 2356 1180 2397; x_wconf 87' lang='lat' dir='ltr'>signum</span> <span class='ocrx_word' id='word_1_277' title='bbox 1205 2356 1399 2389; x_wconf 85' lang='lat' dir='ltr'>Scaeuolae</span> <span class='ocrx_word' id='word_1_278' title='bbox 1442 2355 1479 2387; x_wconf 91' lang='lat' dir='ltr'>in</span> <span class='ocrx_word' id='word_1_279' title='bbox 1504 2356 1686 2398; x_wconf 89' lang='lat' dir='ltr'>prouincia</span> 
     </span>
     <span class='ocr_line' id='line_1_32' title="bbox 219 2415 1685 2459; baseline 0.001 -12"><span class='ocrx_word' id='word_1_280' title='bbox 219 2415 340 2447; x_wconf 89' lang='lat' dir='ltr'>nescio</span> <span class='ocrx_word' id='word_1_281' title='bbox 366 2416 421 2448; x_wconf 92' lang='lat' dir='ltr'>cui</span> <span class='ocrx_word' id='word_1_282' title='bbox 450 2416 499 2447; x_wconf 89' lang='lat' dir='ltr'>rei</span> <span class='ocrx_word' id='word_1_283' title='bbox 525 2416 722 2458; x_wconf 85' lang='lat' dir='ltr'>impositum</span> <span class='ocrx_word' id='word_1_284' title='bbox 741 2421 811 2448; x_wconf 92' lang='lat' dir='ltr'>tum</span> <span class='ocrx_word' id='word_1_285' title='bbox 838 2427 913 2448; x_wconf 91' lang='lat' dir='ltr'>cum</span> <span class='ocrx_word' id='word_1_286' title='bbox 932 2421 1095 2459; x_wconf 87' lang='lat' dir='ltr'>praetura</span> <span class='ocrx_word' id='word_1_287' title='bbox 1120 2417 1329 2457; x_wconf 88' lang='lat' dir='ltr'>fungebatur</span> <span class='ocrx_word' id='word_1_288' title='bbox 1347 2417 1383 2449; x_wconf 90' lang='lat' dir='ltr'>in</span> <span class='ocrx_word' id='word_1_289' title='bbox 1399 2417 1528 2449; x_wconf 89' lang='lat' dir='ltr'>iudicio</span> <span class='ocrx_word' id='word_1_290' title='bbox 1558 2417 1685 2450; x_wconf 86' lang='lat' dir='ltr'>derisui</span> 
     </span>
     <span class='ocr_line' id='line_1_33' title="bbox 218 2474 678 2517; baseline 0.004 -12"><span class='ocrx_word' id='word_1_291' title='bbox 218 2474 385 2507; x_wconf 87' lang='lat' dir='ltr'>habuisse</span> <span class='ocrx_word' id='word_1_292' title='bbox 411 2476 587 2517; x_wconf 86' lang='lat' dir='ltr'>putandus</span> <span class='ocrx_word' id='word_1_293' title='bbox 615 2481 678 2508; x_wconf 88' lang='lat' dir='ltr'>est.</span> 
     </span>
    </p>

    <p class='ocr_par' dir='ltr' id='par_1_7' title="bbox 216 2533 1685 2881">
     <span class='ocr_line' id='line_1_34' title="bbox 353 2533 1684 2579; baseline 0.003 -14"><span class='ocrx_word' id='word_1_294' title='bbox 353 2533 382 2578; x_wconf 87' lang='lat'>2)</span> <span class='ocrx_word' id='word_1_295' title='bbox 409 2535 522 2566; x_wconf 90' lang='lat' dir='ltr'>Multa</span> <span class='ocrx_word' id='word_1_296' title='bbox 548 2535 725 2567; x_wconf 89' lang='lat' dir='ltr'>hominum</span> <span class='ocrx_word' id='word_1_297' title='bbox 756 2536 857 2577; x_wconf 85' lang='lat' dir='ltr'>signa</span> <span class='ocrx_word' id='word_1_298' title='bbox 882 2536 1080 2568; x_wconf 91' lang='lat' dir='ltr'>nominibus</span> <span class='ocrx_word' id='word_1_299' title='bbox 1101 2537 1259 2579; x_wconf 88' lang='lat' dir='ltr'>apposita</span> <span class='ocrx_word' id='word_1_300' title='bbox 1282 2537 1502 2569; x_wconf 86' lang='lat' dir='ltr'>inueniuntur</span> <span class='ocrx_word' id='word_1_301' title='bbox 1526 2538 1563 2569; x_wconf 87' lang='lat' dir='ltr'>in</span> <span class='ocrx_word' id='word_1_302' title='bbox 1576 2538 1684 2569; x_wconf 85' lang='lat' dir='ltr'>Fran-</span> 
     </span>
     <span class='ocr_line' id='line_1_35' title="bbox 217 2592 1684 2639; baseline 0.003 -15"><span class='ocrx_word' id='word_1_303' title='bbox 217 2592 301 2624; x_wconf 88' lang='lat' dir='ltr'>cisci</span> <span class='ocrx_word' id='word_1_304' title='bbox 325 2593 468 2625; x_wconf 90' lang='lat' dir='ltr'>Carellii</span> <span class='ocrx_word' id='word_1_305' title='bbox 502 2604 718 2626; x_wconf 89' lang='lat' dir='ltr'>nummorum</span> <span class='ocrx_word' id='word_1_306' title='bbox 743 2595 867 2626; x_wconf 88' lang='lat' dir='ltr'>Italiae</span> <span class='ocrx_word' id='word_1_307' title='bbox 892 2595 1020 2627; x_wconf 87' lang='lat' dir='ltr'>ueteris</span> <span class='ocrx_word' id='word_1_308' title='bbox 1047 2596 1176 2628; x_wconf 85' lang='lat' dir='ltr'>tabulis</span> <span class='ocrx_word' id='word_1_309' title='bbox 1203 2596 1298 2628; x_wconf 90' lang='lat' dir='ltr'><strong>CCII</strong></span> <span class='ocrx_word' id='word_1_310' title='bbox 1326 2607 1412 2639; x_wconf 87' lang='lat' dir='ltr'>quas</span> <span class='ocrx_word' id='word_1_311' title='bbox 1439 2597 1550 2629; x_wconf 88' lang='lat' dir='ltr'>edidit</span> <span class='ocrx_word' id='word_1_312' title='bbox 1576 2597 1684 2629; x_wconf 88' lang='lat' dir='ltr'>Cave-</span> 
     </span>
     <span class='ocr_line' id='line_1_36' title="bbox 216 2651 1685 2699; baseline 0.003 -16"><span class='ocrx_word' id='word_1_313' title='bbox 216 2651 344 2684; x_wconf 88' lang='lat' dir='ltr'>donius</span> <span class='ocrx_word' id='word_1_314' title='bbox 369 2652 463 2695; x_wconf 90' lang='lat' dir='ltr'>Lips.</span> <span class='ocrx_word' id='word_1_315' title='bbox 499 2652 589 2694; x_wconf 89' lang='lat'>1850</span> <span class='ocrx_word' id='word_1_316' title='bbox 616 2664 649 2695; x_wconf 93' lang='lat' dir='ltr'>p.</span> <span class='ocrx_word' id='word_1_317' title='bbox 680 2661 753 2686; x_wconf 84' lang='lat'>112.</span> <span class='ocrx_word' id='word_1_318' title='bbox 783 2654 854 2686; x_wconf 91' lang='lat' dir='ltr'>tab.</span> <span class='ocrx_word' id='word_1_319' title='bbox 886 2661 961 2696; x_wconf 89' lang='lat'>195.</span> <span class='ocrx_word' id='word_1_320' title='bbox 1013 2655 1163 2687; x_wconf 90' lang='lat' dir='ltr'>Phallus</span> <span class='ocrx_word' id='word_1_321' title='bbox 1204 2656 1314 2699; x_wconf 87' lang='lat' dir='ltr'>portis</span> <span class='ocrx_word' id='word_1_322' title='bbox 1349 2656 1529 2688; x_wconf 82' lang='lat' dir='ltr'>Ferentini</span> <span class='ocrx_word' id='word_1_323' title='bbox 1555 2657 1685 2699; x_wconf 86' lang='lat' dir='ltr'>Arpini</span> 
     </span>
     <span class='ocr_line' id='line_1_37' title="bbox 217 2711 1683 2757; baseline 0.004 -15"><span class='ocrx_word' id='word_1_324' title='bbox 217 2711 347 2743; x_wconf 89' lang='lat' dir='ltr'>Aletrii</span> <span class='ocrx_word' id='word_1_325' title='bbox 360 2712 567 2744; x_wconf 89' lang='lat' dir='ltr'>Tarracinae</span> <span class='ocrx_word' id='word_1_326' title='bbox 591 2712 705 2744; x_wconf 89' lang='lat' dir='ltr'>ianuis</span> <span class='ocrx_word' id='word_1_327' title='bbox 733 2713 870 2745; x_wconf 85' lang='lat' dir='ltr'>aedium</span> <span class='ocrx_word' id='word_1_328' title='bbox 888 2714 1180 2757; x_wconf 89' lang='lat' dir='ltr'>Pompeianarum</span> <span class='ocrx_word' id='word_1_329' title='bbox 1201 2715 1345 2748; x_wconf 87' lang='lat' dir='ltr'>aliarum</span> <span class='ocrx_word' id='word_1_330' title='bbox 1375 2716 1497 2748; x_wconf 85' lang='lat' dir='ltr'>affixus</span> <span class='ocrx_word' id='word_1_331' title='bbox 1522 2716 1683 2749; x_wconf 84' lang='lat' dir='ltr'>inuentus</span> 
     </span>
     <span class='ocr_line' id='line_1_38' title="bbox 216 2771 1683 2819; baseline 0.005 -16"><span class='ocrx_word' id='word_1_332' title='bbox 216 2774 286 2804; x_wconf 86' lang='lat' dir='ltr'>est:</span> <span class='ocrx_word' id='word_1_333' title='bbox 328 2771 418 2805; x_wconf 89' lang='lat' dir='ltr'>cons.</span> <span class='ocrx_word' id='word_1_334' title='bbox 459 2771 651 2814; x_wconf 87' lang='lat' dir='ltr'>Goettling,</span> <span class='ocrx_word' id='word_1_335' title='bbox 690 2772 818 2805; x_wconf 88' lang='lat' dir='ltr'>Gesch.</span> <span class='ocrx_word' id='word_1_336' title='bbox 860 2774 892 2806; x_wconf 90' lang='lat' dir='ltr'>d.</span> <span class='ocrx_word' id='word_1_337' title='bbox 933 2784 1037 2808; x_wconf 91' lang='lat' dir='ltr'>roem.</span> <span class='ocrx_word' id='word_1_338' title='bbox 1078 2775 1280 2809; x_wconf 85' lang='lat' dir='ltr'>Staatsverf.</span> <span class='ocrx_word' id='word_1_339' title='bbox 1319 2787 1351 2819; x_wconf 93' lang='lat' dir='ltr'>p.</span> <span class='ocrx_word' id='word_1_340' title='bbox 1380 2776 1436 2809; x_wconf 86' lang='lat'>28.</span> <span class='ocrx_word' id='word_1_341' title='bbox 1498 2778 1611 2810; x_wconf 81' lang='lat' dir='ltr'>Etiam</span> <span class='ocrx_word' id='word_1_342' title='bbox 1648 2778 1683 2812; x_wconf 91' lang='lat' dir='ltr'>in</span> 
     </span>
     <span class='ocr_line' id='line_1_39' title="bbox 216 2820 1476 2881; baseline 0.007 -19"><span class='ocrx_word' id='word_1_343' title='bbox 216 2830 330 2863; x_wconf 89' lang='lat' dir='ltr'>anulis</span> <span class='ocrx_word' id='word_1_344' title='bbox 354 2820 496 2874; x_wconf 88' lang='lat' dir='ltr'>phallus</span> <span class='ocrx_word' id='word_1_345' title='bbox 521 2832 667 2873; x_wconf 88' lang='lat' dir='ltr'>insignis</span> <span class='ocrx_word' id='word_1_346' title='bbox 694 2832 774 2865; x_wconf 94' lang='lat' dir='ltr'>loco</span> <span class='ocrx_word' id='word_1_347' title='bbox 800 2833 991 2867; x_wconf 88' lang='lat' dir='ltr'>inuenitur:</span> <span class='ocrx_word' id='word_1_348' title='bbox 1021 2836 1111 2869; x_wconf 86' lang='lat' dir='ltr'>conf.</span> <span class='ocrx_word' id='word_1_349' title='bbox 1136 2837 1235 2871; x_wconf 85' lang='lat' dir='ltr'>Iahn.</span> <span class='ocrx_word' id='word_1_350' title='bbox 1263 2837 1286 2869; x_wconf 94' lang='lat'>1.</span> <span class='ocrx_word' id='word_1_351' title='bbox 1313 2838 1336 2871; x_wconf 95' lang='lat' dir='ltr'>l.</span> <span class='ocrx_word' id='word_1_352' title='bbox 1358 2849 1391 2881; x_wconf 91' lang='lat' dir='ltr'>p.</span> <span class='ocrx_word' id='word_1_353' title='bbox 1421 2846 1476 2881; x_wconf 91' lang='lat'>74.</span> 
     </span>
    </p>
   </div>
  </div>
 </body>
</html>
