1894 3403
914 284 963 311 22

200 402 263 446 sit,
295 400 457 440 dubito:
503 399 682 438 Nonium
712 405 850 437 autem
882 399 1123 448 saepissime
1154 398 1210 436 sic
1238 397 1506 447 interpretari,
1550 395 1677 435 ueluti

201 469 381 507 Flaccel:
412 469 586 517 languet,
620 467 749 516 deficit
776 464 833 517 (p.
875 465 968 516 110)
1005 488 1057 493 -
1096 467 1223 504 Acre:
1243 466 1475 515 prouidum,
1506 466 1674 515 dilzjgens

200 533 258 585 (p.
291 534 388 585 241)
433 546 557 572 nemo
601 545 687 571 non
731 533 1029 572 animadvertit.
1059 554 1112 560 -
1141 533 1229 571 Iam
1267 533 1323 570 ad
1353 532 1491 570 Lucilii
1534 543 1675 570 uersus

181 604 457 642 accedamus.

334 671 469 720 Atque
497 669 670 719 primum
700 670 866 719 quidem
901 670 1165 707 statuendum
1195 674 1273 717 est,
1303 668 1369 718 agi
1398 668 1459 706 his
1489 668 1675 706 uersibus
1736 717 1738 719 Ι

201 738 255 775 de
286 738 398 775 dicto
428 737 534 786 regis
567 737 780 775 cuiusdam
811 736 1030 777 Thraciae:
1062 737 1156 775 licet
1186 737 1295 774 enim
1324 736 1486 787 regibus
1504 735 1683 787 Paphla-

200 805 395 854 gonum')
428 805 596 843 aliorum
631 816 783 842 nomen
813 805 932 842 fuerit
950 804 1090 854 Cotys,
1120 810 1261 842 tamen
1289 805 1446 842 maiore
1464 804 1574 841 fama
1604 815 1685 854 qua

201 873 407 911 Thracum
437 872 565 922 reguli
594 872 673 910 isto
704 872 870 910 nomine
899 872 1075 923 praediti
1104 872 1324 910 utebantur
1353 872 1467 922 apud
1494 871 1683 923 antiquos

200 941 427 979 inducimur
466 941 519 978 de
560 940 765 978 Thraciae
806 952 904 990 rege
934 941 1135 989 cogitare:
1181 952 1264 989 quo
1311 940 1435 977 etiam
1465 946 1684 977 uentorum

200 1009 354 1046 mentio
384 1020 462 1046 nos
493 1019 639 1046 vocare
668 1008 842 1046 uidetur.
903 1006 1055 1058 Cotyes
1085 1008 1219 1058 plures
1252 1019 1343 1045 cum
1371 1007 1549 1046 norimus
1579 1007 1684 1046 tales

201 1078 254 1115 de
293 1077 455 1115 duobus
495 1082 655 1114 tantum
692 1077 814 1114 datur
842 1077 970 1126 optio,
1013 1082 1146 1114 utrum
1177 1076 1352 1114 Lucilius
1394 1076 1469 1114 illis
1500 1076 1684 1114 uersibus

200 1145 384 1194 intellegi
411 1144 598 1183 uoluerit.
659 1144 775 1181 Alter
799 1144 954 1181 Lucilio
986 1144 1252 1182 adulescente
1281 1144 1391 1182 bello
1411 1143 1683 1184 Macedonico

199 1213 315 1250 initio
338 1225 429 1250 cum
457 1223 482 1249 a
499 1211 640 1250 Persei
667 1212 851 1262 partibus
876 1213 1071 1258 stetisset,
1104 1218 1242 1250 tamen
1262 1218 1411 1262 postea
1439 1212 1481 1249 in
1510 1212 1684 1262 gratiam

200 1280 342 1329 populi
364 1279 542 1317 Romani
572 1285 767 1328 acceptus
800 1285 877 1324 est,
910 1279 970 1316 uir
985 1279 1191 1317 Thracum
1219 1279 1558 1329 intemperantiae
1590 1279 1685 1316 alie-

200 1359 291 1392 nus,
334 1353 376 1385 et
407 1346 516 1384 bello
545 1352 732 1384 strenuus
763 1352 807 1384 et
837 1346 1018 1384 moribus
1049 1346 1249 1384 humanus
1281 1343 1387 1397 (Liu.
1418 1357 1486 1395 42,
1520 1357 1584 1396 29.
1617 1355 1683 1394 51.

202 1425 267 1464 57.
302 1414 367 1463 58.
400 1414 466 1464 67.
498 1426 567 1463 44,
609 1425 676 1462 42.
708 1424 776 1463 45,
808 1413 846 1453 6.
879 1425 945 1462 42.
987 1414 1127 1463 Polyb.
1161 1424 1226 1464 27,
1263 1425 1325 1454 10.
1364 1425 1430 1463 30,
1467 1425 1527 1453 12.
1556 1413 1682 1453 Diod.

201 1493 268 1531 30,
302 1494 339 1531 3.
370 1491 438 1531 37,
478 1479 534 1532 5).
596 1481 652 1519 At
695 1482 824 1519 multo
864 1481 1059 1519 famosior
1093 1482 1206 1532 apud
1236 1482 1451 1531 scriptores
1493 1481 1683 1532 antiquos

201 1549 329 1599 Cotys
363 1549 643 1599 Cersobleptis
688 1554 818 1599 pater,
866 1549 1077 1599 Iphicratis
1108 1562 1237 1595 socer,
1279 1550 1331 1587 ab
1360 1549 1681 1587 Atheniensibus

200 1619 364 1656 ciuitate
395 1618 587 1665 donatus,
617 1617 743 1655 homo
773 1618 970 1656 barbarus
1002 1629 1150 1655 saeuus
1181 1618 1368 1665 crudelis,
1399 1617 1635 1655 interfectus
1657 1629 1682 1655 a

201 1685 388 1734 Pythone
420 1691 462 1723 et
490 1684 713 1722 Heraclide
744 1685 898 1731 Aeniis,
931 1686 985 1723 de
1016 1696 1099 1736 quo
1128 1685 1257 1724 multa
1286 1685 1467 1724 historici
1497 1691 1682 1725 oratores

200 1753 432 1804 philosophi
461 1753 620 1792 comici:
667 1752 884 1791 Demosth.
915 1754 1106 1792 Aristocr.
1140 1753 1177 1793 8.
1218 1764 1307 1803 119.
1352 1753 1549 1804 Harpocr.
1582 1767 1613 1794 s,
1642 1767 1682 1794 u,

200 1823 368 1859 Aristot.
400 1821 513 1872 polit.
547 1832 566 1860 e
597 1833 637 1870 p.
662 1824 796 1868 1311b
821 1831 866 1858 21
904 1833 1049 1860 oecon.
1083 1822 1105 1871 β
1134 1834 1172 1871 p.
1198 1826 1330 1870 1351a
1367 1821 1541 1871 18—32.
1574 1822 1682 1859 Ana·

201 1891 345 1928 xandr.
391 1890 516 1928 Mein.
563 1901 667 1927 com.
701 1888 771 1927 Gr.
818 1900 856 1937 3,
894 1889 968 1926 182
1018 1889 1277 1939 Theopomp.
1322 1902 1386 1939 ap.
1420 1890 1571 1927 Athen.
1603 1890 1683 1928 XII

199 1967 237 2004 p.
263 1965 339 2003 531
366 1955 401 1992 E
432 1955 510 1993 alii.
569 1954 693 1992 Hunc
725 1953 898 2004 Philippi
927 1955 1170 1992 Macedonis
1202 1955 1420 2006 aequalem
1454 1957 1591 2006 potius
1621 1957 1682 1994 in-

201 2023 340 2073 tellegi
370 2034 394 2059 a
424 2022 583 2060 Lucilio
621 2023 853 2072 putauerim
882 2028 1104 2072 propterea
1134 2024 1247 2073 quod
1278 2024 1346 2061 uix
1376 2024 1593 2062 uerisimile
1622 2024 1682 2062 iu-

201 2090 296 2127 dico
327 2089 492 2127 alterius
523 2090 623 2127 illius
655 2089 783 2138 reguli
813 2089 909 2126 uicti
940 2094 982 2126 et
1010 2090 1051 2126 in
1080 2090 1254 2138 gratiam
1284 2091 1443 2140 accepti
1472 2091 1581 2128 dicta
1597 2091 1682 2129 Ro-

201 2158 332 2197 manis
363 2158 404 2196 in
434 2169 505 2195 ore
537 2157 684 2195 fuisse:
717 2162 760 2195 at
780 2163 924 2196 contra
952 2157 1069 2196 huius
1102 2158 1213 2197 dicta
1230 2158 1427 2198 nonnulla
1447 2160 1560 2210 apud
1577 2158 1681 2199 Plut.

200 2227 399 2277 apophth.
445 2238 530 2275 reg.
578 2232 620 2263 et
662 2226 758 2275 imp.
806 2238 906 2263 mor.
938 2239 977 2276 p.
1016 2236 1091 2275 174
1123 2226 1212 2264 DE.
1243 2226 1357 2264 Stob.
1390 2226 1459 2275 48,
1490 2237 1541 2276 45
1590 2226 1681 2266 Ual.

199 2294 311 2333 Max.
340 2294 398 2332 III
431 2304 467 2344 7,
500 2299 579 2333 ext.
598 2304 619 2344 7
653 2294 888 2334 traduntur:
921 2294 975 2331 ad
1002 2306 1110 2344 quae
1145 2294 1225 2333 hoc
1243 2306 1408 2345 quoque
1428 2294 1683 2333 Lucilianum

199 2364 405 2413 pertinere
434 2362 532 2400 mihi
562 2363 738 2411 uidetur,
771 2363 971 2412 siquidem
1012 2363 1139 2400 uerba
1172 2362 1269 2399 Rex
1306 2361 1419 2400 Cotus
1458 2363 1529 2400 ille
1559 2362 1687 2400 aiebat

199 2442 285 2468 non
315 2430 561 2481 applicanda
608 2435 703 2468 sunt
733 2431 786 2467 ad
831 2441 955 2467 unam
983 2435 1024 2467 et
1055 2435 1209 2468 certam
1239 2442 1420 2477 causam,
1465 2431 1540 2468 sed
1575 2442 1683 2481 quae

199 2510 340 2536 eorum
372 2504 437 2536 est
464 2503 612 2535 natura
642 2494 1032 2548 ἀποφθεγματικῶς
1064 2498 1174 2536 dicta
1204 2509 1296 2536 esse
1326 2502 1538 2548 apparent.

331 2567 420 2605 Iam
450 2566 602 2604 dictum
634 2564 773 2616 Cotyis
804 2566 939 2616 paullo
972 2566 1153 2604 subtilius
1194 2566 1458 2605 excutiamus,
1517 2564 1680 2604 Dixisse

200 2636 373 2673 traditur
417 2646 510 2672 sese
550 2635 655 2671 solos
684 2639 867 2671 austrum
912 2640 1038 2684 atque
1082 2633 1318 2683 aquilonem
1362 2644 1501 2671 nosse.
1562 2632 1681 2680 Quae

201 2702 406 2740 sententia
433 2714 683 2753 quamquam
703 2703 889 2739 ueterum
917 2701 1090 2752 physicis
1121 2705 1291 2751 accepta
1321 2711 1406 2738 non
1426 2699 1514 2746 fuit,
1543 2705 1683 2738 tamen

340 2910 367 2958 ¹)
390 2911 487 2945 Xen.
513 2913 625 2953 Ages.
651 2911 688 2943 Π
719 2910 763 2943 26
789 2910 845 2942 ΙΙΙ
870 2919 902 2951 4.
