1894 3403
930 217 978 255 27

219 332 288 372 tali
306 333 433 370 modo
455 333 747 383 compellabat3
779 337 920 369 notum
942 330 1050 368 enim
1066 335 1130 367 est
1147 341 1228 379 qua
1244 329 1495 367 uerecundia
1515 327 1693 366 Romani

218 401 406 440 homines
437 401 624 439 mulieres
653 401 696 438 in
729 398 893 450 publico
923 397 1134 449 prosecuti
1179 397 1260 435 sint
1297 408 1481 448 quosque
1512 396 1691 434 honores

220 469 278 506 eis
305 469 531 508 tribuerint:
563 465 625 509 ὧν
655 466 725 508 καὶ
754 465 888 507 ταῦτά
918 465 1059 507 ἐστιν·
1098 463 1347 507 ἐξίστασθαι
1378 464 1454 515 μὲν
1486 461 1592 504 ὁδοῦ
1622 464 1693 514 βα-

220 532 452 585 διζούσαις,
482 532 663 585 αἰσχρὸν
694 533 742 574 δὲ
772 533 934 584 μηδένα
964 532 1096 584 μηδὲν
1134 530 1267 573 εἰπεῖν
1295 529 1521 581 παρούσης
1551 542 1693 579 γυναι-

217 601 294 652 κός
325 602 412 642 κτλ.
441 603 568 651 (Plut.
599 603 762 641 Romul.
797 613 849 640 20
878 601 967 641 Ual.
998 601 1109 640 Max.
1141 600 1179 637 V
1212 611 1247 646 2,
1287 595 1344 652 1):
1387 612 1508 650 porro
1536 595 1600 637 ‘in
1628 599 1690 636 ius

219 672 384 710 uocanti
414 677 642 709 matronam
673 682 819 721 corpus
857 671 942 708 eius
980 670 1182 718 attingere
1212 680 1297 705 non
1327 668 1616 718 permiserunt:
1647 672 1692 704 ut

219 740 414 778 inuiolata
444 751 586 777 manus
618 740 778 777 alienae
802 743 914 776 tactu
944 737 1051 775 stola
1070 732 1392 787 relinqueretur'.
1453 734 1562 785 (Ual.
1581 735 1689 774 Max.

219 808 256 846 II
291 819 325 854 1,
360 806 414 856 5).
473 807 687 845 Postremo
718 807 751 844 si
783 806 872 857 quis
902 805 999 843 illud
1027 810 1145 842 ueste
1173 804 1358 842 homines
1388 803 1691 854 reprehendere

217 875 428 914 infantium
464 876 640 914 maxime
672 886 763 913 esse
802 874 988 912 nondum
1015 878 1084 911 aut
1113 873 1156 909 in
1187 872 1272 910 uita
1301 872 1404 909 uidit
1425 877 1494 909 aut
1523 872 1564 908 in
1597 883 1691 909 uas-

218 945 396 982 culorum
427 944 680 982 Graecorum
708 943 886 993 picturis,
919 942 1061 979 audiat
1089 940 1213 979 Hom.
1244 940 1282 977 X
1313 950 1392 989 493

329 1008 563 1061 δευόμενος
593 1008 641 1050 δέ
670 1006 704 1050 τ’
738 1006 877 1050 ἄνεισι
907 1005 1010 1058 πάϊς
1042 1006 1088 1058 ἐς
1117 1005 1281 1057 πατρὸς
1311 1004 1507 1057 ἑταίρους

330 1076 464 1119 ἄλλον
495 1077 571 1128 μὲν
601 1076 778 1128 χλαίνης
809 1074 946 1127 ἐρύων
977 1073 1109 1116 ἄλλον
1141 1074 1188 1116 δὲ
1218 1075 1418 1126 χιτῶνος·

218 1154 302 1187 tum
330 1144 374 1187 Π
407 1157 427 1197 7

328 1213 445 1255 τίπτε
476 1212 745 1265 δεδάκρυσαι,
775 1211 1055 1264 Πατρόκλεις,
1086 1210 1187 1262 ἠΰτε
1216 1209 1347 1262 κούρη

327 1280 467 1332 νηπίη,
497 1279 523 1331 ἥ
554 1279 590 1321 θ’
623 1279 708 1331 ἅμα
739 1279 861 1331 μητρὶ
891 1277 1035 1320 θέουσ’
1070 1277 1299 1320 ἀνελέσθαι
1330 1275 1499 1330 ἀνώγει,

326 1339 474 1390 εἱανοῦ
503 1347 718 1399 ἁπτομένη
749 1346 818 1388 καί
848 1347 883 1388 τ’
919 1345 1164 1397 ἐσσυμένην
1195 1345 1425 1397 κατερύκει.

356 1548 465 1587 Libri
484 1548 622 1587 XXVI
652 1549 879 1599 fragmenta
913 1550 1107 1587 nonnulla
1137 1550 1409 1599 explicaturus
1438 1560 1689 1598 praemoneo

174 1610 176 1612 ¹
218 1618 420 1655 disserere
450 1623 616 1667 poetam
646 1618 726 1656 hoc
757 1618 870 1664 libro,
901 1630 1023 1670 quem
1052 1618 1231 1655 omnium
1255 1617 1426 1667 primum
1457 1617 1602 1668 emisit,
1633 1617 1687 1654 de

216 1690 305 1723 toto
335 1697 487 1735 genere
517 1687 654 1734 poesis
684 1698 781 1724 suae
822 1687 1002 1724 similiter
1033 1692 1158 1736 atque
1188 1686 1288 1724 libro
1320 1686 1457 1725 XXX:
1490 1697 1571 1736 quo
1601 1697 1686 1723 rec-

214 1752 294 1789 tius
325 1758 463 1789 autem
478 1764 621 1790 omnes
652 1753 769 1790 huius
791 1754 877 1790 libri
896 1754 1086 1803 reliquias
1107 1753 1336 1802 intellegas,
1367 1753 1549 1801 inprimis
1571 1753 1688 1789 adhi-

216 1819 396 1858 bendam
427 1832 518 1858 esse
545 1820 705 1858 Horatii
735 1821 822 1859 libri
851 1821 1016 1859 alterius
1047 1827 1226 1859 saturam
1255 1821 1429 1871 primam
1459 1821 1687 1871 apparebit.

349 1887 488 1937 Atque
522 1887 637 1924 initio
667 1888 834 1936 quidem
873 1888 960 1925 libri
996 1888 1083 1924 sine
1114 1888 1239 1925 dubio
1271 1889 1325 1924 de
1355 1888 1415 1925 eis
1449 1888 1533 1936 egit
1566 1888 1687 1925 Luci-

214 1954 289 1992 lius
316 1966 341 1992 a
361 1955 506 2005 quibus
536 1966 609 1992 sua
632 1955 711 2004 legi
744 1960 910 2004 cuperet
940 1967 1006 1993 uu.
1038 1955 1191 1993 scilicet
1222 1954 1516 2005 compluribus:
1549 1966 1684 2005 super-

215 2022 330 2058 stites
362 2027 456 2058 sunt
485 2034 550 2060 uu.
583 2022 715 2070 859L
745 2022 883 2059 XXVI
921 2033 952 2062 1.
987 2033 1021 2061 2.
1052 2023 1194 2060 XXIX
1223 2033 1276 2071 99
1306 2022 1364 2067 M,
1405 2034 1509 2071 quos
1547 2028 1688 2059 tamen

215 2089 319 2128 falso
350 2095 591 2128 contraxere
622 2091 804 2129 editores
826 2091 1021 2131 nonnulli.
1082 2089 1255 2129 Constat
1286 2091 1454 2142 quidem
1477 2089 1687 2129 Ciceronis

214 2159 450 2196 testimonio
482 2159 537 2195 de
578 2158 644 2198 fin.
677 2158 695 2195 I
728 2168 749 2207 7
787 2159 1074 2197 reformidasse
1119 2159 1317 2196 Lucilium
1359 2159 1688 2197 doctissimorum

212 2226 422 2264 hominum
455 2227 647 2265 iudicium
676 2228 791 2266 uelut
827 2227 1027 2278 Scipionis
1061 2228 1198 2266 Rutilii
1229 2227 1369 2272 Persii,
1415 2233 1459 2266 et
1502 2233 1690 2266 seruatur

214 2296 326 2344 apud
362 2296 543 2333 eundem
579 2297 633 2333 de
664 2308 720 2335 or.
752 2296 791 2334 Π
821 2306 870 2344 25
900 2310 940 2335 u.
973 2297 1112 2335 Lucilii
1144 2297 1209 2334 hic

329 2363 510 2401 Persium
538 2375 624 2401 non
653 2376 750 2402 curo
782 2364 932 2414 legere,
964 2364 1150 2402 Laelium
1180 2364 1413 2403 Decumum
1442 2365 1562 2416 uolo„

212 2430 321 2468 Dein
351 2431 493 2469 laudat
523 2430 606 2470 Cic.
653 2432 708 2469 de
748 2444 833 2482 rep.
872 2433 983 2482 apud
1011 2432 1110 2472 Plin.
1151 2445 1192 2470 n.
1223 2433 1262 2471 h.
1293 2434 1422 2482 praef.
1456 2444 1475 2484 7
1513 2434 1589 2473 hos
1620 2446 1687 2474 uu.

212 2498 354 2537 Lucilii
385 2504 598 2549 corruptos
630 2499 716 2537 sine
747 2500 870 2538 dubio
898 2500 955 2538 sic
986 2500 1324 2550 distinguendos:

679 2581 757 2607 nec
787 2569 1033 2608 doctissimis
1061 2567 1088 2616 †
1116 2570 1300 2608 Manium

326 2636 507 2674 Persium
537 2636 563 2685 †
592 2637 695 2675 haec
726 2637 862 2686 legere
893 2638 1003 2685 nolo,
1033 2638 1193 2676 Iunium
1225 2637 1416 2688 Congum
1445 2640 1553 2678 uolo.

212 2715 316 2754 quos
347 2704 511 2742 finxisse
543 2704 715 2742 Plinium
745 2706 913 2743 omnino
944 2707 1057 2744 credi
1087 2718 1171 2744 non
1191 2712 1341 2755 potest.
1401 2705 1534 2745 Uersu
1557 2707 1687 2745 altero

212 2773 484 2821 deprauatum
513 2779 627 2811 certo
658 2779 722 2811 est
752 2772 950 2821 Manium,
980 2775 1095 2824 quod
1114 2780 1244 2813 metro
1271 2781 1494 2824 repugnet:
1526 2776 1689 2813 accedit

211 2841 326 2889 quod
367 2840 505 2879 Persio
550 2852 802 2891 praenomen
848 2847 936 2880 erat
980 2841 1102 2888 Gaio,
1146 2839 1251 2894 (Cic.
1297 2843 1408 2882 Brut.
1438 2839 1528 2894 99),
1574 2844 1686 2894 quod
