1894 3403
936 208 982 248 71

226 331 322 356 nere
353 318 582 369 praestitit'.
645 321 746 371 (Cic.
790 322 898 361 Brut.
937 333 1032 361 102:
1071 322 1178 360 conf.
1219 323 1271 359 de
1314 334 1370 360 or.
1402 322 1420 358 1
1452 332 1544 369 214.
1581 317 1695 373 234).

227 386 371 436 Itaque
401 388 625 437 longiorem
655 390 883 427 orationem
904 390 1100 428 Lucilium
1130 390 1276 439 opinor
1305 390 1491 427 tribuisse
1509 389 1694 433 Albucio,

226 452 466 492 Scaeuolam
508 456 661 495 inducit
706 458 882 496 breuiter
912 463 1190 508 exponentem
1235 469 1374 495 ueram
1421 456 1693 495 accusationis

225 533 403 560 causam.
463 524 604 562 Iudicii
644 526 816 575 uestigia
860 538 1059 575 nusquam
1098 526 1284 564 uidemus
1326 525 1404 562 nisi
1433 526 1474 562 in
1504 525 1604 562 libro
1637 524 1693 569 II;

224 591 278 628 ibi
308 602 401 628 esse
434 597 544 629 certa
574 594 778 630 neminem
817 593 942 643 fugiet
972 594 1039 643 qui
1075 598 1264 631 accurate
1301 593 1530 642 fragmenta
1561 592 1694 642 perle-

222 664 303 706 get.
364 658 568 706 Quoniam
607 672 705 698 uero
746 661 859 709 plura
909 662 1057 698 iudicia
1103 661 1307 710 descripta
1342 673 1435 698 esse
1480 672 1504 696 a
1534 659 1691 697 Lucilio

222 738 366 775 parum
396 726 480 763 ueri
511 727 636 765 simile
666 733 730 765 est
758 728 992 778 optimeque
1038 728 1267 778 fragmenta
1298 728 1385 765 libri
1415 728 1453 765 II
1497 729 1552 765 ad
1590 727 1691 765 iudi-

223 794 328 831 cium
357 794 454 831 illud
479 802 651 844 possunt
683 795 833 840 referri,
869 795 969 833 libro
1000 796 1037 833 II
1072 796 1227 833 Albucii
1267 802 1309 833 et
1339 796 1563 834 Scaeuolae
1598 807 1689 833 cau-

225 874 312 898 sam
343 874 434 899 esse
465 869 670 900 narratam
701 864 861 913 colligo.

356 930 492 980 Atque
523 931 752 980 fragmenta
782 932 889 969 bene
919 938 1067 969 coeunt
1100 932 1140 969 in
1172 944 1339 970 causam
1369 932 1480 970 illam
1501 936 1688 981 repetun-

223 998 376 1041 darum,
408 999 591 1046 quamuis
623 1004 822 1046 corrupta.
882 999 1036 1035 Albucii
1079 1006 1171 1036 sunt
1199 1013 1236 1038 u.
1269 1010 1320 1047 59
1349 999 1383 1036 L
1422 1010 1434 1035 1
1471 999 1532 1037 M:

334 1065 365 1104 Ι.
395 1065 519 1103 homo
552 1066 774 1115 impuratus
804 1071 846 1103 et
882 1066 1031 1115 impuro
1060 1065 1085 1114 †
1113 1072 1176 1104 est
1205 1066 1412 1116 rapinator

222 1134 371 1172 deinde
401 1146 465 1172 uu,
497 1133 563 1182 63.
595 1133 647 1181 64
667 1134 714 1171 ·L
746 1145 782 1182 9.
821 1145 869 1171 10
900 1134 943 1171 M

336 1201 386 1238 Π.
418 1201 660 1251 impuratum
687 1201 793 1239 hunc
821 1201 862 1238 in
893 1201 1029 1238 fauces
1062 1202 1226 1239 inuasse
1256 1202 1512 1251 animamque

422 1270 573 1307 elisisse
603 1269 657 1307 illi

220 1349 340 1387 porro
371 1350 435 1377 uu,
468 1347 533 1387 57.
568 1337 618 1385 58
648 1338 680 1375 L
712 1337 749 1377 6.
786 1348 819 1387 7.
849 1338 892 1375 M

203 1414 213 1420 “
336 1406 404 1444 III.
435 1418 542 1443 nunc
572 1418 724 1443 nomen
755 1407 938 1456 litemque
967 1419 1018 1442 ex
1048 1407 1218 1443 testibus
1249 1407 1336 1455 ipse
1366 1406 1553 1454 rogando

432 1473 616 1522 exculpo.
675 1472 792 1510 Haec
822 1473 955 1510 dicam
984 1502 992 1511 .
1028 1503 1036 1511 .
1059 1469 1111 1523 .¹)

221 1552 258 1578 u.
291 1551 338 1587 41
374 1541 407 1578 L
439 1552 463 1588 4
494 1541 537 1578 M

329 1606 399 1645 IV.
932 1614 977 1646 ut
1006 1609 1089 1646 iure
1121 1609 1272 1658 peritus

217 1687 281 1713 uu,
313 1675 366 1722 46
393 1687 480 1726 sqq.
516 1676 548 1713 L
586 1686 630 1723 13
661 1688 749 1726 sqq.
782 1676 825 1713 M

329 1741 378 1779 V.
410 1742 517 1779 Nam
548 1743 643 1791 quid
674 1743 856 1780 moetino
889 1743 1160 1792 subrectoque
1193 1743 1283 1780 huic
1313 1747 1404 1792 opu’
1438 1739 1582 1791 signo?

415 1808 470 1847 Ut
499 1810 717 1848 lurcaretur
747 1810 906 1848 lardum
938 1817 980 1848 et
1009 1811 1193 1848 carnaria
1224 1809 1369 1854 fartim,

415 1874 442 1923 ’ἰ-
472 1876 617 1914 Parum
648 1878 867 1916 conficeret
898 1910 905 1916 .
939 1908 947 1915 .

217 1954 253 1981 u.
287 1953 340 1990 44
372 1942 404 1979 L
438 1953 458 1979 2
491 1943 545 1982 M.

351 2114 377 2157 ¹)
404 2115 515 2148 Codd.
561 2126 686 2147 nomen
727 2118 870 2159 iamque
907 2126 983 2147 cum
1021 2116 1225 2159 praebeant,
1267 2114 1425 2155 Scaliger
1462 2113 1688 2145 Nomentani

217 2184 310 2216 quae
335 2174 470 2217 scripsit
495 2174 683 2206 admodum
715 2174 847 2206 infelici
874 2175 1072 2207 coniectura
1096 2185 1198 2206 usus:
1237 2174 1422 2214 genetiuus
1456 2173 1500 2204 ad
1534 2173 1683 2204 testibus

214 2234 393 2276 pertinens
419 2234 511 2266 male
541 2245 578 2266 sc
614 2233 732 2267 habet.
782 2235 1025 2267 Nomentanus
1058 2245 1139 2266 num
1171 2235 1207 2266 in
1233 2234 1359 2266 Lucilii
1386 2234 1511 2266 saturis
1538 2233 1680 2265 omnino

216 2299 353 2336 carptus
385 2294 499 2332 fuerit,
535 2294 640 2326 ualde
682 2294 912 2326 dubitandum
952 2299 1006 2326 est
1042 2295 1101 2327 uel
1135 2295 1216 2326 ideo
1253 2294 1347 2337 quod
1373 2304 1463 2336 quae
1489 2292 1683 2335 Porphyrio

215 2354 259 2384 ad
285 2354 371 2386 Hor.
391 2358 454 2385 sat.
482 2355 499 2384 I
529 2361 558 2393 Ι,
589 2361 654 2385 102
682 2354 789 2385 habet
815 2354 890 2385 sine
918 2354 1025 2385 dubio
1052 2365 1093 2385 ex
1120 2354 1260 2394 egregio
1288 2354 1383 2384 fonte
1410 2352 1562 2383 deducta
1589 2357 1680 2389 sunt,

216 2417 336 2445 contra
374 2424 414 2444 ex
446 2413 596 2444 Acronis
635 2413 754 2445 uerbis
794 2413 838 2444 ad
878 2418 941 2445 sat.
969 2414 1005 2444 II
1037 2421 1065 2451 1,
1090 2421 1133 2445 22
1163 2413 1202 2446 C.
1236 2414 1275 2444 F.
1313 2414 1496 2445 Hermann
1534 2411 1682 2443 uerbum

213 2473 379 2505 Lucilius
405 2477 499 2505 recte
526 2472 636 2505 eiecit.
663 2471 778 2513 (Conf.
799 2472 955 2503 Mueller
980 2472 1062 2504 edit.
1090 2483 1125 2514 p.
1154 2472 1248 2514 167).
1298 2473 1340 2503 In
1365 2471 1495 2504 Lucilii
1523 2471 1681 2513 reliquiis

212 2531 298 2574 ipsis
337 2532 387 2563 nil
411 2531 526 2564 adhuc
553 2531 731 2563 inuentum
769 2535 832 2568 est,
870 2542 940 2574 quo
970 2531 1199 2563 demonstrari
1228 2535 1350 2574 posset
1374 2530 1636 2562 Nomentanum
1662 2540 1682 2561 a

212 2595 316 2634 poeta
340 2591 475 2622 laesum
502 2601 590 2623 esse.
631 2591 734 2623 Certe
760 2591 828 2622 duo
854 2590 918 2621 illa
935 2591 1131 2631 fragmenta
1157 2590 1240 2621 libri
1265 2590 1302 2621 ΙΙ
1325 2590 1374 2622 ita
1400 2593 1561 2632 corrupta
1588 2595 1679 2631 sunt,

213 2655 250 2683 ut
274 2650 325 2683 nil
359 2650 442 2684 inde
466 2651 577 2694 possit
611 2650 739 2692 colligi.
790 2651 926 2683 Uersus
954 2650 997 2691 69
1024 2651 1055 2683 L
1085 2650 1104 2682 8
1131 2651 1169 2682 M
1195 2650 1351 2682 nondum
1376 2649 1581 2682 emendatus
1609 2654 1679 2683 est:

214 2710 277 2741 sed
309 2721 350 2742 eo
382 2720 487 2752 quem
529 2710 585 2741 hic
623 2715 831 2743 tractaturus
863 2721 936 2741 sum
962 2720 1068 2741 uersu
1093 2709 1307 2742 uocabulum
1334 2720 1459 2741 nomen
1485 2709 1682 2752 perbonum

213 2779 291 2801 esse
318 2769 529 2802 uidebimus.
579 2771 702 2813 Itaque
728 2780 818 2812 quae
845 2769 983 2802 Becker
1008 2769 1045 2801 in
1071 2770 1163 2802 Mus.
1192 2769 1312 2801 Rhen.
1333 2769 1366 2801 V
1382 2780 1416 2813 p.
1438 2777 1507 2811 370
1533 2769 1683 2812 probare

213 2829 345 2863 studuit
370 2830 597 2873 comprobare
623 2841 692 2862 non
718 2840 870 2873 possum.
