1894 3403
921 244 972 285 93

223 357 346 409 (Uell.
363 356 462 410 119)
491 365 533 399 et
564 360 712 399 diuites
742 372 851 412 equo
877 372 1033 399 merere
1064 359 1265 398 solebant.
1326 358 1464 408 Atque
1496 350 1696 396 Lucilium

224 428 405 477 equitem
451 428 575 467 fuisse
619 442 671 467 ex
715 430 890 479 reliquiis
922 441 1176 479 cognoscere
1208 428 1324 467 licet:
1369 440 1466 466 nam
1497 428 1551 465 de
1577 427 1694 478 equis

222 501 264 533 et
292 507 419 546 saepe
449 502 585 535 narrat
628 503 671 535 et
705 503 750 536 ut
780 497 903 535 homo
934 498 993 535 rei
1027 497 1231 547 equestris
1260 496 1554 547 peritissimus:
1585 496 1697 533 uelut

220 564 325 602 libro
354 564 473 605 XIV:

333 632 421 682 ipse
453 632 541 670 ecu'
572 645 657 671 non
688 632 897 680 formosu’,
927 634 1155 684 gradarius,
1187 633 1355 683 optimu'
1386 638 1530 670 uector

334 696 429 750 *qui
459 713 626 751 campos
658 702 869 752 collesque
899 703 1031 752 gradu
1062 701 1284 752 perlabitur
1312 712 1396 739 uno

338 769 438 806 libro
469 768 570 807 VIII

337 836 370 873 si
401 848 522 874 omne
552 837 628 875 iter
657 839 798 876 euadit
825 838 1087 887 stadiumque
1115 838 1269 876 accliue
1300 837 1461 875 tolutim

335 904 435 942 libro
464 904 542 942 XV

334 971 439 1010 hunc
470 973 564 1010 milli
594 985 758 1022 passum
790 975 856 1023 qui
887 975 1030 1011 uicerit
1060 980 1183 1022 atque
1214 974 1390 1019 duobus,

284 1071 290 1085 ,,
334 1038 568 1089 Campanus
600 1041 763 1091 sonipes
794 1053 1009 1079 succussor
1036 1036 1160 1079 nullu'
1195 1047 1387 1091 sequetur

332 1109 487 1146 maiore
517 1109 557 1146 in
589 1110 722 1159 spatio
753 1121 802 1147 ac
833 1111 1010 1148 diuersu'
1042 1110 1250 1147 uidebitur
1278 1110 1348 1148 ire.

332 1176 411 1215 inc.
450 1187 552 1226 1139
583 1176 616 1214 L
653 1187 703 1227 79
733 1177 776 1215 M

331 1245 438 1282 uelle
469 1245 626 1282 tolutim
657 1245 722 1283 hic
752 1257 914 1295 semper
943 1247 1020 1284 iter
1051 1245 1263 1295 coepturu'
1293 1246 1456 1283 uidetur
1474 1244 1517 1296 ¹).

221 1311 342 1359 Quae
372 1313 423 1349 ab
455 1312 619 1350 homine
649 1325 847 1362 equorum
876 1314 1121 1363 peritissimo
1153 1319 1195 1351 et
1222 1314 1502 1351 amantissimo
1534 1314 1684 1363 scripta

221 1385 326 1416 sunt.
387 1379 531 1430 Itaque
552 1380 729 1418 Lucilius
757 1393 839 1418 non
867 1381 941 1418 fuit
971 1381 1069 1419 ciuis
1101 1381 1311 1418 Romanus
1340 1382 1416 1418 sed
1444 1382 1683 1430 peregrinus

221 1458 356 1496 neque
403 1447 531 1485 uoluit
575 1448 714 1486 haberi
744 1448 956 1486 Romanus
1000 1460 1094 1486 cum
1137 1453 1278 1497 aperte
1315 1447 1554 1497 profiteatur
1582 1448 1683 1486 libro

220 1514 360 1551 XXVI
409 1511 678 1554 ‘Publicanus
731 1528 827 1554 uero
873 1522 917 1553 ut
963 1516 1086 1554 Asiae
1132 1515 1225 1553 fiam
1275 1516 1557 1565 scripturarius
1607 1527 1680 1566 pro

219 1582 390 1629 Lucilio,
435 1584 478 1622 id
520 1596 599 1634 ego
643 1584 739 1622 nolo
785 1590 827 1622 et
870 1596 952 1622 uno
988 1584 1067 1622 hoc
1103 1596 1187 1622 non
1216 1590 1328 1622 muto
1360 1581 1533 1622 omnia’.
1593 1584 1681 1622 Iam

220 1658 389 1700 apparet
423 1652 566 1690 Lucilii
608 1659 787 1690 saturam
831 1665 911 1703 qua
954 1653 1148 1702 primores
1195 1652 1358 1702 arripuit
1401 1652 1682 1703 populumque

219 1719 398 1756 tributim
428 1719 505 1757 nisi
535 1719 693 1757 Romae
729 1732 813 1757 non
851 1721 1034 1769 potuisse
1079 1725 1151 1757 aut
1194 1720 1313 1757 scribi
1355 1725 1425 1757 aut
1467 1721 1680 1769 diuulgati.

218 1786 344 1837 Atqui
374 1788 553 1825 uidimus
594 1788 699 1825 inter
729 1800 878 1825 annum
911 1785 1096 1837 628j126
1129 1793 1171 1824 et
1200 1786 1383 1836 635l119
1414 1788 1437 1827 i.
1471 1800 1505 1827 e.
1536 1788 1681 1825 librum

218 1854 237 1891 I
268 1860 308 1892 et
330 1854 369 1892 II
389 1855 588 1893 Lucilium
616 1855 712 1893 nihil
745 1862 973 1894 saturarum
1005 1856 1235 1905 scripsisse:
1275 1867 1370 1892 nam
1399 1855 1504 1893 intra
1533 1867 1680 1905 corpus

218 1924 361 1960 ordine
391 1924 562 1972 primum
595 1924 717 1961 libros
751 1924 932 1972 singulos
964 1924 1190 1961 secundum
1222 1929 1450 1972 temporum
1480 1924 1680 1961 rationem

217 2002 309 2027 esse
355 1991 577 2040 dispositos
623 1992 687 2028 uel
735 1992 886 2029 idcirco
928 1992 1183 2029 credendum
1219 1996 1294 2035 est,
1337 1992 1449 2040 quod
1480 1991 1681 2028 Lucilium

216 2059 348 2108 ipsum
381 2059 479 2097 illud
521 2071 667 2110 corpus
708 2059 961 2109 disposuisse
1002 2065 1042 2096 et
1074 2059 1255 2096 edidisse
1286 2063 1401 2108 patet
1430 2071 1454 2095 e
1487 2057 1681 2096 Uarronis

216 2127 372 2165 uerbis:
415 2124 461 2166 ‘a
498 2140 580 2178 qua
615 2129 806 2178 bipartita
841 2128 1044 2165 diuisione
1075 2127 1253 2165 Lucilius
1291 2139 1456 2164 suorum
1491 2127 1609 2165 unius
1641 2133 1682 2165 et

216 2195 360 2245 uiginti
384 2196 573 2234 librorum
593 2197 749 2234 initium
780 2196 877 2234 fecit
896 2192 1014 2234 hoc':
1047 2208 1151 2246 quae
1168 2194 1297 2232 Uarro
1328 2207 1411 2232 non
1440 2196 1680 2245 scripsisset,

217 2264 249 2301 si
279 2265 588 2312 grammaticum
609 2264 708 2301 XXI
739 2264 862 2301 libros
883 2264 1025 2301 Lucilii
1046 2264 1234 2301 diuisisse
1256 2268 1297 2300 et
1318 2262 1501 2300 edidisse
1523 2263 1679 2304 scisset.

217 2330 299 2369 Cur
330 2331 506 2370 Lucilius
555 2332 651 2370 nihil
697 2338 782 2370 tum
826 2332 1042 2382 scripserit,
1090 2344 1140 2369 ea
1178 2343 1302 2369 causa
1332 2336 1407 2376 est,
1440 2331 1553 2380 quod
1583 2332 1680 2369 inde

216 2400 268 2437 ab
299 2412 408 2438 anno
440 2399 623 2449 628J126
653 2412 737 2438 non
768 2406 854 2437 erat
883 2401 1056 2438 Romae.
1094 2400 1198 2437 Nam
1230 2411 1338 2437 anno
1370 2400 1460 2448 ipso
1493 2399 1678 2448 628111126

214 2467 269 2507 M.
300 2468 438 2506 Iunius
470 2468 634 2505 Pennus
665 2474 712 2505 tr.
744 2468 795 2517 pl.
829 2468 961 2516 legem
1003 2467 1094 2504 tulit
1125 2479 1207 2516 qua
1236 2467 1472 2516 peregrinos
1503 2479 1554 2504 ex
1583 2469 1681 2506 urbe

216 2537 516 2576 exterminaret.
577 2533 677 2586 (Cic.
702 2537 755 2573 de
780 2536 846 2574 off.
868 2535 927 2572 III
947 2545 998 2584 47
1033 2535 1144 2574 Brut.
1179 2545 1266 2584 109.
1301 2534 1536 2572 Mommsen
1556 2536 1605 2575 R.
1629 2536 1679 2576 G.

216 2604 255 2642 II
289 2617 329 2654 p.
368 2601 476 2656 102).
552 2604 596 2644 C.
642 2603 852 2642 Gracchus
898 2604 1047 2641 absens
1095 2603 1169 2640 fuit
1215 2603 1283 2640 illo
1332 2615 1442 2640 anno
1487 2609 1682 2653 quaestor

214 2674 367 2711 Aurelii
403 2673 581 2710 consulis
626 2673 668 2709 in
698 2672 884 2710 Sardinia
921 2684 1070 2721 magna
1113 2684 1204 2708 cum
1240 2671 1454 2720 uoluptate
1486 2672 1681 2709 aduersa-

214 2740 365 2777 riorum
392 2737 512 2787 (Plut.
544 2738 587 2779 C.
611 2739 782 2777 Gracch.
821 2740 870 2786 1),
901 2740 968 2788 qui
999 2739 1143 2776 dolose
1174 2750 1269 2776 eum
1300 2739 1424 2775 etiam
1454 2739 1497 2775 in
1528 2752 1680 2777 annum

351 2868 380 2913 ¹)
406 2868 514 2900 Adde
531 2879 564 2901 u.
585 2875 628 2910 72
655 2867 685 2899 L
707 2866 764 2898 ΙΙΙ
791 2873 835 2907 33
853 2866 908 2897 M:
949 2864 1200 2897 succussatoris
1227 2864 1330 2897 taetri
1353 2864 1512 2907 tardique
1540 2863 1681 2898 caballi.
