1894 3403
944 292 990 319 12

227 411 344 445 tanta
374 405 628 452 auctoritate,
673 418 794 457 quem
824 418 967 445 omnes
997 407 1246 456 posteriores
1284 412 1561 457 sequerentur.
1619 408 1705 446 Ita-

227 487 306 524 que
351 487 442 512 cum
484 474 622 512 Lucilii
665 475 916 524 temporibus
963 475 1053 512 soni
1098 475 1319 513 litterarum
1358 488 1433 525 pro
1474 475 1703 514 nominibus

227 548 379 586 essent,
407 541 588 580 nonnulli
630 547 770 579 tamen
801 540 962 579 Graeca
1007 542 1173 579 nomina
1212 542 1453 580 adhiberent
1496 554 1521 580 a
1551 542 1703 581 Lucilio

225 611 455 660 uituperati,
485 608 616 647 Uarro
648 610 848 648 Reatinus
887 610 928 647 in
961 609 1062 648 libro
1106 612 1160 649 ad
1190 611 1367 657 Accium,
1410 622 1533 661 quem
1572 611 1703 661 ipsum

227 689 389 728 quoque
422 679 474 715 de
504 677 582 715 hac
610 689 654 715 re
681 678 815 727 egisse
846 689 897 714 ex
928 678 1067 716 Lucilii
1098 678 1198 716 libro
1214 679 1272 716 IX
1305 684 1489 729 apparet,
1520 680 1572 717 de
1603 680 1704 717 anti-

227 746 378 794 quitate
410 745 631 782 litterarum
674 745 801 782 misso
831 745 888 782 ita
917 746 1085 783 nomina
1114 746 1272 784 ratione
1305 752 1347 783 et
1377 747 1512 784 studio
1543 747 1703 795 excogi-

225 816 311 850 tata
338 811 488 862 posuit,
518 816 564 849 ut
578 823 707 861 usque
737 812 791 849 ad
808 816 948 849 nostra
973 817 1162 861 tempora
1192 812 1405 851 immutata
1420 818 1702 863 permaneant.

361 1045 485 1084 Libro
514 1046 573 1084 IX
611 1060 648 1086 u.
682 1046 763 1084 280
793 1047 827 1085 L
874 1056 919 1096 71
955 1046 999 1085 M
1036 1051 1078 1084 et
1106 1059 1145 1086 u.
1178 1045 1258 1095 845
1291 1046 1325 1084 L
1369 1034 1547 1084 xxvm
1578 1045 1628 1085 28
1659 1046 1703 1086 M

225 1114 508 1152 reconditioris
546 1115 782 1153 eruditionis
814 1114 986 1152 Lucilius
1028 1114 1201 1164 praebet
1239 1115 1480 1165 exemplum,
1518 1127 1609 1153 cum
1638 1127 1702 1153 res

226 1181 447 1231 ephebicas
474 1182 725 1220 Graecorum
755 1188 930 1232 tangens
961 1194 1114 1219 nomen
1139 1186 1360 1230 parectatoe
1390 1182 1607 1231 exhibeat;
1647 1183 1703 1221 sic

226 1248 334 1285 enim
378 1248 419 1285 in
465 1249 710 1286 editionibus
752 1250 916 1298 quidem
944 1248 1080 1286 Nonii·
1110 1254 1153 1285 et
1181 1249 1319 1286 Lucilii
1363 1249 1508 1299 legitur
1550 1261 1703 1287 nomen

224 1316 345 1360 istud,
391 1317 502 1366 quod
538 1315 694 1354 Nonius
725 1329 763 1366 p.
796 1315 847 1366 67
894 1316 1006 1354 hisce
1050 1316 1183 1354 uerbis
1215 1316 1406 1366 explicat:
1455 1315 1708 1355 Parectatohz·

225 1385 299 1433 quz'
339 1385 383 1421 de
415 1385 595 1432 pueritia
639 1384 803 1421 ueniunt
840 1385 897 1421 ad
909 1383 1170 1432 pubertatem
1216 1397 1240 1421 a
1283 1383 1431 1422 Graeco
1471 1384 1702 1423 uocabulum

222 1455 423 1500 sumptum.
475 1450 672 1489 Secuntur
702 1452 784 1489 duo
815 1451 955 1489 Lucilii
983 1463 1137 1500 uersus,
1168 1463 1270 1489 unus
1300 1451 1355 1489 M.
1374 1450 1580 1497 Uarronis,
1615 1465 1701 1490 cor-

224 1519 441 1567 ruptissimi
471 1532 627 1558 omnes.
688 1520 823 1568 Atque
856 1520 1028 1569 primum
1059 1519 1222 1568 quidem
1259 1520 1311 1557 de
1342 1519 1420 1557 hoc
1450 1519 1701 1569 epheborum

222 1587 387 1624 nomine
417 1598 552 1636 agam,
591 1587 741 1625 deinde
773 1588 827 1625 de
859 1586 1000 1625 Lucilii
1041 1592 1084 1624 et
1114 1586 1310 1639 Uarronis
1341 1586 1577 1636 fragmentis
1622 1599 1702 1637 qua

222 1654 464 1704 corrigenda
494 1655 574 1692 sint
603 1656 1013 1705 rationeexponam.
1072 1654 1231 1692 Uocem
1261 1655 1488 1704 parectatoz·
1511 1655 1701 1693 traditam

220 1722 426 1761 codicibus
457 1722 491 1761 L
527 1734 542 1761 1
579 1729 619 1761 et
651 1722 689 1761 G
733 1723 800 1773 qui
835 1723 1090 1774 interpretati
1120 1728 1228 1768 sunt,
1273 1723 1469 1761 arcessito
1499 1722 1700 1761 uocabulo

219 1787 512 1839 παρεκτείνειν
541 1791 826 1828 intellexerunt
854 1789 961 1840 τοὺς
977 1788 1371 1839 συγκαθεύδοντας,
1396 1791 1464 1839 qui
1495 1792 1615 1827 iuxta
1631 1802 1700 1826 ex-

219 1858 317 1895 tenti
342 1870 367 1895 a
385 1857 555 1897 Graecis
585 1859 852 1908 appellentur:
885 1858 1124 1896 Lachmann
1153 1863 1293 1895 tamen
1322 1858 1418 1896 dicit
1447 1870 1491 1896 se
1520 1870 1604 1895 non
1634 1869 1700 1895 ca-

218 1938 315 1976 pere
344 1928 454 1965 unde
486 1927 581 1964 dicti
599 1931 822 1976 pareclaloe
850 1927 928 1965 sint
941 1924 983 1975 ¹).
1028 1925 1205 1964 Uersum
1233 1925 1374 1964 Lucilii
1403 1938 1426 1963 e
1457 1926 1558 1964 libro
1587 1938 1699 1964 nono

219 1996 480 2045 desumptum
511 2007 632 2045 quem
660 1996 863 2045 praebent
893 1989 1018 2034 codd,
1045 1994 1079 2032 L
1117 2006 1132 2032 1
1168 2000 1212 2033 et
1239 1994 1278 2032 G
1308 1995 1364 2033 sic
1394 1999 1625 2045 corruptum

331 2063 426 2100 inde
457 2060 507 2113 (L
545 2074 559 2100 1
594 2061 721 2113 unde)
752 2069 992 2113 parectatoe
1023 2062 1244 2100 calamides
1275 2074 1323 2100 ac
1351 2062 1522 2099 barbula
1542 2062 1672 2111 prima

219 2142 430 2168 correxere
459 2131 636 2169 editores
668 2131 726 2169 ita

330 2198 426 2236 inde
456 2204 696 2249 parectatoe
727 2204 770 2235 et
799 2198 1034 2248 chlamydes
1065 2210 1113 2236 ac
1142 2197 1312 2236 barbula
1344 2197 1475 2247 prima

218 2267 294 2304 nisi
324 2268 437 2316 quod
465 2267 640 2304 Mueller
669 2267 827 2316 scripsit
855 2266 944 2304 hinc
972 2266 1201 2315 chlamydes.
1251 2265 1438 2304 Muelleri
1468 2264 1700 2303 coniectura

217 2334 377 2384 longius
410 2347 435 2373 a
474 2334 631 2372 traditis
669 2335 854 2384 discedit,
898 2335 939 2371 in
982 2334 1050 2372 illa
1094 2346 1235 2372 uersus
1267 2333 1399 2371 forma
1442 2337 1478 2369 et
1504 2333 1699 2370 insertum

217 2403 340 2442 ualde
369 2404 549 2454 languet,
581 2404 619 2441 in
652 2409 821 2453 utraque
851 2403 1024 2442 offendit
1070 2403 1216 2443 hiatus,
1276 2401 1446 2440 Accedit
1477 2401 1588 2451 quod
1632 2413 1700 2439 cur

218 2471 505 2508 adulescentes
539 2472 681 2519 quibus
723 2472 852 2520 prima
893 2472 1045 2521 lanugo
1075 2472 1255 2509 nascitur
1283 2471 1324 2507 in
1357 2469 1472 2519 genis
1501 2474 1699 2506 uocentur

218 2538 285 2577 illo
312 2539 477 2577 nomine
509 2539 563 2576 ad
603 2550 689 2576 rem
718 2550 941 2577 ueneream
978 2539 1224 2589 pertinente,
1256 2538 1367 2588 quod
1402 2536 1536 2587 pueris
1570 2535 1697 2574 multo

220 2606 353 2655 aptius
385 2611 485 2651 erat,
517 2618 602 2643 non
634 2606 898 2656 intellegitur:
930 2618 1109 2655 namque
1125 2605 1296 2644 barbula
1326 2604 1455 2654 prima
1476 2603 1698 2642 aetatulam

218 2674 463 2712 amasiorum
507 2673 635 2712 deleri
678 2674 847 2712 multum
889 2680 1108 2723 queruntur
1149 2679 1300 2724 poetae
1330 2671 1417 2711 libri
1446 2671 1526 2710 XII
1556 2672 1604 2710 A.
1637 2670 1695 2721 Ρ.,

218 2741 329 2778 uelut
359 2742 483 2791 epigr.
519 2740 596 2779 186
627 2753 762 2790 neque
794 2743 939 2779 amatis
970 2742 1102 2791 pueris
1134 2748 1220 2779 tam
1257 2740 1408 2778 infame
1442 2753 1596 2778 nomen
1624 2728 1696 2777 im-

351 2920 379 2965 1)
406 2920 506 2956 Conf.
534 2922 579 2955 ad
599 2933 633 2956 u.
663 2922 731 2955 280
758 2922 1031 2956 adnotationem.
