1894 3403
919 207 971 245 59

218 314 394 368 (apocol.
416 318 496 371 10),
515 321 674 370 primus
696 321 968 370 interrogatur
980 321 1206 357 sententiam
1226 321 1477 369 Ianuspater
1494 316 1572 369 (9),
1593 330 1686 369 pro-

217 386 347 424 ximus
376 385 592 437 Diespiter,
625 388 721 426 dein
749 388 957 436 Augustus
998 388 1247 426 sententiam
1290 387 1392 426 dicit
1431 388 1484 424 de
1516 385 1688 424 Claudio

218 466 270 491 ex
300 452 475 505 Olympo
506 456 718 494 eiciendo:
750 460 960 505 postremo
988 452 1180 506 ‘pedibus
1217 456 1259 494 in
1299 455 1407 494 hanc
1437 454 1687 493 sententiam

216 520 315 559 itum
345 517 427 560 est'
457 517 563 574 (11).

349 590 436 629 Iam
465 592 533 630 ubi
562 592 735 630 uidimus
766 604 847 643 quo
881 592 1006 630 modo
1038 592 1080 630 di
1110 596 1283 641 agentes
1304 590 1562 635 inducantur,
1593 601 1688 640 pro-

217 658 367 697 ximum
397 665 461 698 est
491 671 686 710 quaerere
707 660 896 709 quisnam
926 659 1045 699 fuerit
1072 659 1211 709 Lupus
1242 660 1322 705 ille,
1354 660 1408 696 de
1440 659 1552 697 cuius
1583 659 1687 696 inte-

215 727 291 766 ritu
323 728 565 775 deliberant,
599 728 697 767 dein
728 739 906 779 quonam
942 733 1124 778 tempore
1164 728 1378 767 concilium
1411 728 1584 765 deorum
1615 726 1687 764 ha-

214 795 343 833 bitum
374 796 534 833 finxerit
563 802 700 846 poeta.
761 796 905 833 Fuisse
936 807 1029 833 eum
1059 796 1103 835 P.
1133 796 1327 834 Rutilium
1348 796 1510 846 Lupum
1540 800 1687 845 putant

217 862 434 913 Porphyrio
478 864 533 902 ad
563 863 663 902 Hor.
695 868 771 902 sat.
800 863 838 901 Η
874 874 906 909 1,
938 862 991 901 68
1039 863 1181 902 Dousa
1218 876 1296 902 van
1326 864 1519 901 Heusde:
1565 863 1684 901 male.

220 930 396 981 Oportet
423 932 532 970 enim
561 932 845 981 intellegamus
873 931 1081 969 hominem
1110 938 1325 981 potentem
1355 933 1530 981 aliquem
1560 943 1584 968 a
1605 931 1685 969 Lu-

216 998 307 1036 cilio
337 999 637 1049 impugnatum:
669 1004 712 1037 at
746 999 789 1036 P.
808 998 982 1036 Rutilius
1008 998 1147 1049 Lupus
1176 998 1445 1048 cos.664s90‚
1476 998 1545 1048 qui
1575 998 1685 1036 solus

216 1067 249 1105 si
280 1067 500 1117 Porphyrio
534 1079 618 1105 non
648 1067 843 1105 errauerit
872 1067 913 1104 in
946 1078 1114 1105 censum
1141 1068 1267 1112 uenit,
1304 1079 1354 1105 eo
1385 1074 1570 1117 tempore
1601 1078 1684 1116 quo

213 1135 389 1173 Lucilius
420 1136 473 1172 de
501 1140 631 1173 morte
661 1135 766 1185 Lupi
793 1135 964 1184 scripsit,
997 1136 1183 1172 nondum
1214 1135 1376 1173 adultus
1407 1141 1509 1175 erat.
1537 1136 1685 1186 Itaque

214 1208 324 1240 recte
356 1202 513 1252 Popma
534 1203 573 1240 ni
604 1202 719 1241 fallor
755 1203 904 1253 primus
944 1204 1144 1241 intellexit
1181 1204 1314 1253 decipi
1349 1216 1373 1241 a
1405 1203 1684 1253 Porphyrione

216 1270 324 1307 uiros
359 1272 507 1308 doctos
554 1276 597 1308 et
637 1272 852 1321 proposuit
898 1257 1081 1321 carptum
1126 1285 1150 1309 a
1179 1272 1333 1309 Lucilio
1366 1272 1411 1310 L.
1450 1271 1683 1308 Cornelium

217 1338 433 1376 Lentulum
464 1350 548 1379 cos.
570 1338 754 1388 598s156
784 1352 895 1378 cens.
919 1337 1117 1389 607s147‚
1150 1339 1203 1376 de
1222 1350 1302 1390 quo
1325 1337 1425 1379 nihil
1443 1339 1592 1377 scimus
1607 1338 1684 1376 nisi

215 1418 322 1456 quae
362 1406 447 1445 Cic.
485 1406 608 1446 Tusc.
641 1407 701 1445 III
733 1417 780 1455 51
829 1407 938 1446 Brut.
971 1418 1021 1456 79
1051 1406 1142 1445 Ual.
1184 1407 1293 1445 Max,
1327 1407 1384 1445 VI
1414 1419 1452 1456 9,
1489 1417 1539 1444 ro
1570 1407 1681 1445 Fest.

215 1487 255 1524 p.
289 1474 366 1523 285
389 1476 563 1519 vtradunt
579 1474 609 1522 ¹)
639 1487 722 1513 non
751 1476 1000 1525 pertinentia
1029 1476 1084 1513 ad
1104 1475 1309 1515 Lucilium.
1356 1476 1439 1514 Sed
1471 1488 1579 1526 quae
1610 1476 1685 1513 ad-

215 1531 371 1592 scripta
392 1549 487 1580 sunt
516 1544 573 1581 ad
601 1543 703 1581 Hor.
739 1550 817 1583 sat.
848 1543 886 1581 II
922 1555 955 1588 1,
986 1543 1037 1593 67
1069 1544 1111 1581 in
1142 1545 1283 1582 codice
1314 1543 1497 1582 Parisino
1531 1553 1638 1593 7975
1657 1554 1684 1591 γ

213 1611 433 1664 Hauthalii,
478 1612 589 1650 cuius
632 1613 927 1662 praestantiam
970 1613 1050 1651 iam
1108 1625 1229 1663 supra
1272 1612 1538 1663 cognouimus
1592 1624 1684 1650 cum

212 1693 253 1719 u.
288 1690 363 1729 271
399 1680 433 1718 L
466 1680 560 1718 VIII
593 1690 614 1729 7
647 1680 690 1718 M
723 1682 1014 1727 tractabamus,
1046 1681 1220 1721 Acronis
1258 1682 1383 1719 uerba
1427 1694 1452 1718 a
1481 1681 1686 1730 plerisque

144 1763 149 1766 ⁸
211 1748 416 1797 neglecta,
461 1760 511 1786 ea
556 1748 698 1786 summi
728 1748 847 1798 pretii
890 1760 982 1786 esse
1027 1760 1166 1799 neque
1212 1748 1377 1786 omnino
1408 1760 1433 1785 a
1463 1747 1685 1786 scholiasta

211 1815 395 1865 potuisse
428 1815 524 1865 fingi
559 1821 677 1865 puto:
729 1815 825 1853 dicit
867 1816 976 1853 enim
1012 1816 1132 1854 haec:
1193 1815 1357 1865 Offensz’:
1410 1816 1543 1853 Laesi.
1576 1815 1686 1853 Num

213 1883 366 1920 inimici
405 1883 527 1931 ipsius
562 1883 676 1935 faclz'
720 1888 814 1920 sunl
870 1888 941 1920 aul
976 1888 1139 1932 propter
1189 1882 1355 1932 Lupum,
1411 1887 1483 1919 aut
1518 1886 1687 1931 propter

214 1948 431 1987 Metellum.
501 1948 638 1998 Lupus
674 1950 859 1998 princeps
889 1949 985 2001 fuit
1015 1954 1180 1988 senalus.
1240 1950 1446 1987 Acronem
1491 1950 1559 1999 qui
1599 1961 1687 1986 om-

213 2017 309 2055 nino
355 2015 630 2067 Porphyrione
681 2017 841 2068 doctior
882 2023 946 2055 est
992 2017 1059 2055 ubi
1105 2018 1158 2055 de
1207 2017 1361 2055 Lucilio
1411 2017 1556 2067 agitur,
1605 2016 1686 2054 hoc

210 2083 376 2122 finxisse
420 2084 558 2134 utique
604 2096 738 2134 nego:
798 2097 935 2135 neque
978 2085 1087 2122 enim
1130 2091 1194 2122 est
1239 2085 1351 2122 unde
1394 2085 1576 2134 potuerit
1611 2084 1684 2122 fin-

210 2163 320 2201 gere.
390 2151 625 2201 Legebatur
666 2152 856 2201 princeps
902 2158 1069 2190 senatus
1115 2153 1255 2201 quinto
1301 2164 1467 2202 quoque
1517 2164 1628 2190 anno
1660 2165 1685 2190 a

210 2230 380 2257 censore
417 2219 577 2269 plebeio
609 2219 769 2269 collega
809 2220 1017 2269 patricius,
1066 2221 1179 2269 quod
1224 2220 1382 2269 patricii
1424 2225 1586 2257 tantum
1615 2220 1683 2258 illo

211 2298 376 2324 munere
399 2287 523 2324 functi
544 2298 636 2324 esse
656 2287 848 2324 uidentur
873 2286 1121 2337 (Mommsen
1142 2287 1288 2325 Roem.
1311 2288 1478 2326 Forsch.
1501 2288 1519 2324 I
1539 2300 1577 2337 p.
1597 2288 1682 2336 94).

210 2355 348 2404 Atque
380 2365 487 2391 anno
519 2352 698 2402 623l131
743 2350 812 2401 ‘Q.
836 2354 1053 2403 Pompeius
1085 2354 1135 2402 Q.
1165 2354 1351 2392 Metellus
1383 2361 1480 2392 tunc
1510 2356 1683 2405 primum

210 2427 384 2471 uterque
414 2434 466 2459 ex
494 2422 616 2471 plebe
654 2421 750 2459 facti
789 2432 981 2459 censores
1018 2422 1188 2459 lustrum
1219 2419 1527 2461 condiderunt'.
1575 2421 1682 2470 (Liu.

209 2501 291 2539 per.
323 2486 408 2540 59).
468 2489 550 2537 Qui
578 2489 749 2527 Lucium
779 2489 1000 2527 Lentulum
1016 2487 1220 2540 Lupum2)
1251 2490 1439 2539 legerunt
1457 2490 1682 2541 principem

344 2664 368 2705 ¹)
392 2664 574 2696 Drumann
603 2663 646 2695 G.
662 2664 709 2695 R.
736 2664 772 2695 11
796 2674 829 2706 p.
861 2663 939 2706 528.
965 2664 1120 2705 Legatus
1147 2664 1211 2696 fuit
1238 2675 1329 2697 anno
1357 2667 1509 2708 5921162
1537 2665 1680 2710 (Polyb.

208 2724 347 2755 XXXI
373 2723 432 2764 23)
460 2722 585 2754 aedilis
614 2722 742 2754 curulis
771 2722 923 2765 591l163
949 2722 1085 2763 (titulus
1110 2724 1188 2756 Ter.
1216 2725 1434 2766 Heautont.).

345 2781 370 2824 2)
397 2782 487 2814 Mire
515 2782 651 2821 accidit,
677 2787 715 2814 ut
732 2782 930 2814 Mommsen
944 2783 1072 2815 Roem.
1089 2783 1233 2815 Forsch.
1251 2784 1270 2815 I
1286 2795 1320 2827 p.
1337 2792 1383 2825 94
1409 2785 1552 2827 ignarus
1578 2785 1682 2818 huius

209 2841 403 2874 testimonii
429 2842 579 2874 eundem
603 2842 646 2875 L.
673 2841 862 2874 Lentulum
893 2842 1088 2886 principem
1115 2848 1257 2875 senatus
1285 2844 1393 2876 fuisse
1420 2850 1589 2877 sumeret:
1619 2846 1683 2878 sed
