1894 3403
324 880 328 897 ἐ
373 865 406 912 Ι.
445 864 717 914 CRITICA
751 864 838 912 ET
879 861 1445 912 HERMENEVTICA.

306 1026 429 1064 Libro
460 1026 536 1064 VH
564 1038 603 1065 u.
636 1036 712 1074 242
745 1026 779 1063 L
815 1036 862 1073 14
892 1025 936 1062 M
965 1036 1071 1074 quae
1106 1025 1294 1072 leguntur

285 1095 316 1133 si
345 1099 487 1132 mouet
516 1106 564 1132 ac
594 1093 714 1131 simat
741 1104 861 1130 nares
891 1092 1108 1141 delphinus
1136 1096 1182 1129 ut
1211 1090 1308 1128 olim

173 1161 423 1199 subobscura
434 1162 567 1211 paullo
583 1161 812 1199 accuratius
826 1166 1017 1198 excutere
1030 1165 1071 1197 et
1087 1156 1344 1212 interpretari
1355 1160 1530 1194 conatus
1544 1166 1647 1192 sum.

173 1229 396 1279 Delphinus
424 1233 469 1266 ul
493 1229 580 1266 olim
611 1229 723 1278 quod
744 1228 935 1278 apposuit
955 1227 1146 1272 Lucilius,
1178 1238 1261 1263 non
1286 1229 1427 1274 potest
1455 1221 1644 1272 profecto
1674 1227 1681 1236 '

171 1297 375 1346 pertinere
407 1297 462 1334 ad
493 1296 618 1333 uerba
642 1296 950 1345 praecedentia,
981 1294 1176 1343 quoniam
1204 1293 1316 1330 istud
1345 1291 1495 1328 animal
1524 1300 1646 1327 nares

172 1364 338 1401 omnino
374 1376 458 1401 non
495 1363 636 1409 habet,
686 1375 794 1412 quae
836 1362 992 1399 moueri
1033 1361 1214 1411 possint;
1260 1359 1386 1409 spirat
1422 1359 1531 1394 enirn
1575 1368 1649 1406 per

171 1431 347 1469 fistulam
378 1442 481 1480 quae
521 1443 545 1468 a
576 1432 699 1468 dorso
739 1431 794 1467 ad
834 1430 1068 1479 pulmonem
1097 1428 1274 1478 pertinet
1310 1425 1431 1475 (Plin.
1462 1425 1523 1462 IX
1559 1419 1645 1474 19);

173 1498 513 1547 quandoquidem
538 1498 660 1547 igitur
689 1497 745 1534 ad
779 1497 906 1534 uerba
936 1495 1230 1546 praecedentia
1254 1506 1339 1531 non
1368 1492 1560 1542 pertinet,
1592 1491 1647 1528 ad

171 1565 269 1603 illud
299 1565 500 1614 delphinus
540 1568 585 1602 ut
619 1565 709 1602 olim
745 1564 856 1602 aliud
894 1563 1007 1613 quod
1043 1562 1103 1600 his
1141 1567 1184 1600 et
1221 1562 1294 1600 illis
1332 1560 1468 1598 uerbis
1506 1565 1648 1609 aptum

172 1633 226 1670 sit
255 1633 529 1682 supplendum
560 1637 633 1680 est,
662 1637 782 1681 puto:
828 1631 1010 1680 spiritum
1040 1630 1165 1668 ducit.
1224 1629 1370 1678 Agitur
1399 1628 1453 1664 de
1482 1626 1647 1663 homine

172 1711 311 1738 amore
347 1700 523 1750 perdito,
564 1699 633 1749 qui
670 1695 895 1748 ἀσθμαίνει
939 1698 980 1735 in
1017 1708 1060 1735 re
1099 1706 1279 1734 uenerea
1316 1693 1503 1745 (Lucian.
1550 1692 1646 1732 dial.

170 1773 330 1807 meretr.
371 1767 409 1803 V
437 1762 495 1819 4),
541 1768 609 1816 qui
649 1767 820 1804 multum
858 1766 1035 1815 suspirat
1078 1771 1120 1802 et
1159 1764 1296 1801 anima
1341 1762 1483 1800 crebra
1526 1772 1647 1798 nares

170 1842 313 1873 mouet
342 1841 385 1873 et
413 1835 572 1873 diducit
602 1841 647 1872 ut
677 1847 784 1885 equa
813 1834 1018 1884 pruriens:
1059 1833 1128 1872 cfr.
1159 1832 1280 1870 Lucr.
1305 1830 1364 1868 IV
1401 1840 1503 1879 1192
1536 1825 1647 1867 ‘Nec

171 1904 314 1940 mulier
343 1914 504 1953 semper
533 1903 627 1939 ficto
657 1903 834 1952 suspirat
863 1913 1001 1938 amore
1018 1901 1138 1948 Quae
1159 1899 1373 1948 complexa
1389 1898 1465 1934 uiri
1495 1908 1645 1946 corpus

171 1983 265 2009 cum
294 1983 465 2021 corpore
497 1966 657 2022 iungit².
717 1969 852 2007 Uersu
883 1975 1020 2006 autem
1050 1968 1119 2018 qui
1148 1967 1258 2004 hunc
1278 1966 1528 2016 sequebatur
1559 1964 1646 2001 sine

172 2038 296 2075 dubio
327 2037 432 2075 haec
460 2037 546 2075 fere
574 2038 685 2075 dicta
719 2042 855 2074 erant:
893 2035 1112 2085 delphinus
1150 2040 1195 2071 ut
1231 2034 1329 2070 olim
1367 2045 1390 2069 e
1419 2032 1522 2069 mari
1552 2042 1646 2080 pro-

170 2105 301 2143 iectus
343 2106 385 2142 in
424 2105 542 2142 litore
578 2105 743 2142 anhelat
788 2109 951 2141 aestuat
991 2103 1169 2140 animam
1200 2101 1333 2139 ducit:
1382 2099 1488 2138 conf.
1520 2099 1645 2138 Anth.

171 2170 255 2211 Pal.
286 2172 344 2210 XI
376 2181 426 2220 52

280 2236 471 2293 Παιδείῳ
502 2235 792 2290 Θρασύβουλε,
822 2234 1104 2287 σαγηνευθεὶς
1134 2232 1202 2275 ὑπ’
1235 2231 1361 2285 ἔρωτι

338 2303 671 2356 Ἀσθμαίνεις
701 2304 885 2355 δελφὶς
915 2302 982 2354 ὥς
1011 2316 1089 2353 τις
1119 2302 1191 2343 ἐπ’
1224 2300 1465 2351 αἰγιαλοῦ

284 2372 476 2425 Κύματος
506 2372 695 2424 ἱμείρων·
727 2372 941 2424 δρέπανον
971 2370 1018 2412 δέ
1049 2379 1122 2412 σοι
1152 2368 1255 2411 οὐδὲ
1284 2368 1335 2410 τὸ
1364 2367 1575 2420 Περσέως

340 2439 478 2492 Ἀρκεῖ
507 2440 747 2492 ἀποτμῆξαι
777 2439 947 2480 δίκτυον
977 2437 1012 2492 ᾧ
1043 2437 1218 2479 δέδεσαι
1250 2458 1303 2464 -

173 2510 273 2547 alias
304 2511 415 2548 enim
441 2509 622 2560 delphini
651 2510 863 2559 suspiritus
893 2508 993 2545 nihil
1021 2507 1177 2545 habent
1203 2506 1362 2555 insigne
1375 2501 1418 2557 ¹).
1479 2503 1645 2554 Optime

306 2688 336 2735 ¹)
361 2690 561 2734 Delphinus
600 2691 637 2723 in
674 2690 769 2723 arida
806 2694 1047 2731 argumentum
1079 2689 1182 2722 trium
1214 2687 1498 2732 epigrammatum
1533 2686 1580 2718 A.
1607 2686 1647 2719 P.

170 2747 243 2782 VII
267 2758 346 2792 214.
373 2758 455 2793 215.
481 2750 562 2784 216.
589 2769 634 2775 —-
659 2749 849 2792 Δελφῖνος
874 2748 915 2783 ἐν
940 2748 1063 2794 χέρσῳ
1082 2747 1141 2791 βία
1164 2748 1228 2780 Ion
1258 2758 1312 2791 ap.
1339 2746 1433 2779 Plut.
1461 2745 1646 2779 Demosth.

172 2815 191 2848 3
217 2808 311 2843 dicit.

1428 2872 1441 2896 1
