1894 3403
915 302 968 340 94

202 421 446 465 sequentem
463 415 516 452 ab
539 415 637 452 urbe
656 415 926 453 remouebant
946 416 1105 453 consuli
1136 416 1177 453 in
1209 415 1397 454 Sardinia
1428 417 1681 455 manendum

203 494 297 520 esse
318 488 525 532 rogantes,
578 482 622 520 C.
647 482 882 522 Gracchum
915 484 1163 522 dissuasisse
1187 483 1317 522 Penni
1340 485 1473 533 legem
1494 486 1681 523 Oratione

203 561 327 599 quarn
358 551 411 587 de
444 562 493 587 ea
514 550 605 599 lege
627 555 670 587 et
701 551 755 587 de
776 551 1006 601 peregrinis
1038 551 1089 588 ab
1111 551 1178 588 illo
1211 551 1392 588 habitam
1423 563 1515 589 esse
1534 541 1680 589 Fbstus

203 630 240 666 p.
261 617 341 654 286
375 624 518 655 auctor
547 624 623 662 est,
657 624 883 668 antequam
915 619 954 655 in
987 620 1241 667 prouinciam
1271 619 1430 663 abierit,
1462 620 1536 657 uiri
1568 620 1680 657 docti

203 690 409 722 statuunt:
455 686 570 735 quod
599 686 777 735 reprobo
807 685 849 734 ¹).
909 685 1014 723 Nam
1046 687 1269 724 aduersarii
1301 692 1518 736 tantopere
1548 687 1680 736 gauisi

204 752 437 790 Gracchum
469 754 568 790 urbe
599 754 808 803 prohiberi
854 752 979 803 (Plut.
1013 755 1033 793 l.
1069 752 1112 803 l.)
1157 756 1245 792 sine
1276 755 1401 792 dubio
1433 755 1580 793 callide
1609 767 1681 791 ex-

203 826 497 870 spectauerant
528 821 626 858 dum
657 822 722 858 ille
753 821 1092 870 proficisceretur.
1154 821 1278 868 Quod
1309 823 1442 871 ipsum
1472 823 1513 859 in
1543 823 1679 859 uerbis

201 888 413 927 Ciceronis
446 890 557 929 Brut.
596 901 673 939 109
722 902 927 939 agnosco:
974 887 1247 930 ‘Mspennus
1276 890 1411 942 facile
1450 891 1525 940 (ita
1573 892 1677 939 cod.‚

202 957 336 994 facete
367 954 503 1005 editt.)
535 958 708 1006 agitauit
738 958 779 994 in
811 959 1033 1001 tribunatu,
1067 957 1112 995 C.
1135 958 1367 995 Gracchum
1397 958 1577 1007 paullum
1609 970 1678 994 ae-

203 1031 289 1063 tate
321 1022 628 1073 antecedens2).
692 1024 785 1061 Fuit
825 1025 933 1061 enim
964 1025 1018 1064 M.
1049 1025 1209 1075 Lepido
1243 1026 1286 1064 L.
1319 1024 1468 1063 Oreste
1506 1026 1678 1062 consuli—

202 1093 279 1130 bus
309 1098 505 1142 quaestor
522 1092 746 1141 Gracchus,
779 1093 963 1129 tribunus
983 1090 1164 1129 Pennus'
1195 1105 1229 1132 e.
1253 1105 1289 1142 q.
1321 1106 1351 1131 s.
1414 1093 1550 1129 Facile
1564 1094 1680 1130 nimi-

202 1174 304 1206 rum,
335 1161 430 1212 quia
463 1160 676 1199 Gracchus
709 1161 859 1199 absens
891 1162 1103 1211 negotium
1136 1162 1173 1198 ei
1202 1173 1285 1199 non
1305 1160 1526 1200 facessiuit.
1557 1162 1677 1199 Anno

203 1229 389 1278 630l124
422 1229 634 1285 Gracchus
662 1229 872 1265 biennium
913 1230 953 1265 in
986 1230 1195 1277 prouincia
1224 1236 1405 1267 moratus
1447 1228 1571 1279 (Gell.
1600 1229 1678 1266 XV

208 1292 274 1348 12)
309 1297 435 1334 iratus
478 1297 593 1346 quod
635 1296 801 1334 fallaciis
848 1296 1106 1346 optimatium
1152 1297 1286 1335 Roma
1325 1297 1608 1347 prohiberetur
1638 1297 1679 1334 in

199 1364 341 1400 urbem
378 1364 499 1401 rediit
535 1363 658 1414 (Plut.
692 1363 735 1403 C.
758 1364 932 1403 Gracch.
962 1368 1005 1413 2)
1035 1365 1267 1413 multasque
1307 1366 1518 1402 orationes
1539 1364 1680 1401 habuit

201 1430 325 1475 (Plut.
357 1432 380 1470 l.
415 1431 437 1471 l.
471 1437 512 1468 et
544 1441 582 1479 3.
616 1430 721 1470 Gell.
754 1432 778 1469 l.
800 1432 821 1470 l.
854 1431 984 1468 Meier
1014 1442 1071 1469 or.
1094 1431 1214 1471 Rom.
1239 1430 1353 1480 frgm.
1380 1443 1418 1480 p.
1456 1441 1544 1480 117.
1567 1428 1677 1479 118),

199 1499 305 1537 inter
332 1510 435 1549 quas
465 1510 578 1549 pono
609 1499 717 1537 illam
749 1500 802 1536 de
834 1500 923 1548 lege
946 1498 1076 1536 Penni
1107 1504 1148 1537 et
1163 1499 1411 1549 peregrinis:
1443 1498 1550 1536 hanc
1570 1499 1677 1536 enim

198 1568 333 1616 legem
363 1567 605 1616 abrogatam
638 1579 729 1604 esse
762 1567 937 1604 Gracchi
978 1568 1227 1604 auctoritate
1257 1567 1324 1603 illo
1356 1578 1465 1603 anno
1505 1572 1678 1616 apparet

199 1647 249 1672 ex
281 1634 385 1675 Plut.
417 1635 440 1674 l.
474 1635 497 1674 l.
530 1647 573 1684 3:
604 1631 651 1675 ‘O
683 1634 730 1675 δὲ
761 1668 769 1675 .
803 1668 810 1675 .
844 1668 850 1674 .
884 1632 1013 1685 εὐθὺς
1046 1632 1116 1674 ἐπὶ
1147 1631 1387 1684 δημαρχίαν
1417 1631 1677 1684 ὥρμησε...

198 1699 331 1751 ὄχλου
362 1701 410 1742 δὲ
440 1701 656 1742 τοσούτου
677 1700 944 1752 συρρέοντος
978 1700 1039 1752 εἰς
1071 1701 1148 1751 τὴν
1178 1700 1304 1741 πόλιν
1329 1701 1376 1741 ἐκ
1405 1702 1483 1752 τῆς
1501 1699 1676 1751 Ἰταλίας

199 1767 268 1808 καὶ
297 1766 807 1819 συναρχαιρεσιάζοντος,
838 1768 899 1819 ὡς
934 1769 1114 1819 πολλοῖς
1150 1768 1225 1818 μὲν
1253 1767 1443 1818 οἰκήσεις
1473 1767 1677 1809 ἐπιλιπεῖν

200 1835 287 1874 κτλ.
321 1836 441 1872 Anno
459 1842 596 1873 autem
612 1835 796 1884 632J122
816 1833 950 1885 ὄχλου
968 1868 975 1875 .
997 1834 1292 1885 ,πανταχόθεν
1313 1834 1428 1889 αὐτῷ
1448 1834 1677 1885 συνιόντος

197 1899 372 1942 ἔπεισεν
401 1900 427 1951 ἡ
460 1902 590 1952 βουλὴ
623 1902 700 1943 τὸν
731 1900 899 1943 ὕπατον
930 1901 1121 1943 Φάννιον
1159 1901 1352 1953 ἐκβαλεῖν
1382 1902 1485 1953 τοὺς
1517 1900 1676 1952 ἄλλους

198 1968 311 2019 πλὴν
336 1966 560 2020 Ῥωμαίων
598 1968 795 2021 ἅπαντας
828 1971 914 2011 κτλ.
959 1971 1000 2021 (l.
1034 1972 1055 2011 l.
1089 1972 1155 2020 12)
1198 1972 1374 2021 Appian.
1420 1972 1458 2010 b.
1492 1985 1526 2009 c.
1558 1972 1575 2008 I
1607 1982 1675 2019 23:

197 2034 223 2084 ἡ
251 2036 382 2086 βουλὴ
415 2038 752 2087 διαταραχθεῖσα
794 2037 897 2086 τοὺς
939 2036 1132 2087 ὑπάτους
1181 2036 1381 2077 ἐκέλευσε
1425 2036 1677 2087 προγράψαι

197 2101 360 2154 μηδένα
390 2104 477 2145 τῶν
513 2102 566 2145 οὐ
600 2103 827 2156 φερόντων
866 2105 1021 2156 ψῆφον
1063 2103 1283 2155 ἐπιδημεῖν
1326 2106 1377 2158 τῇ
1416 2102 1539 2144 πόλει
1570 2103 1676 2154 μηδὲ

196 2170 513 2221 προσπελάζειν
559 2171 645 2223 ἀπὸ
682 2172 1015 2224 τεσσαράκοντα
1046 2171 1235 2213 σταδίων
1266 2171 1382 2223 παρὰ
1419 2172 1496 2222 τὴν
1527 2171 1677 2222 ἐσομέ-

333 2368 362 2413 ¹)
388 2370 495 2402 Unde
528 2369 670 2411 probari
703 2369 818 2411 possit
843 2368 881 2401 C.
917 2367 1114 2401 Gracchum
1154 2372 1340 2411 antequam
1380 2368 1415 2399 in
1454 2367 1675 2410 prouinciam

199 2428 328 2460 abierit
355 2429 551 2460 orationem
575 2427 676 2459 illam
701 2427 871 2459 habuisse
899 2438 968 2459 non
995 2428 1116 2460 uideo.
1149 2446 1191 2450 —
1219 2427 1407 2458 Statuerim
1440 2437 1506 2467 ego
1533 2427 1675 2469 quidem

198 2486 266 2518 sic:
299 2485 486 2518 Cornelius
520 2487 640 2529 Lupus
672 2490 829 2518 mortuus
862 2490 915 2518 est
947 2496 1031 2518 uere
1064 2486 1144 2518 anni
1178 2486 1332 2527 628s126
1366 2495 1444 2517 cum
1480 2485 1541 2517 illa
1571 2495 1674 2528 quam

197 2546 411 2589 Obsequens
437 2551 608 2578 memorat
625 2549 816 2588 tempestas
844 2551 933 2578 erat:
958 2546 1075 2578 statim
1100 2550 1182 2589 post
1208 2545 1283 2577 eius
1309 2550 1457 2577 mortem
1483 2549 1675 2577 saturarum

196 2605 329 2637 librum
347 2606 364 2637 1
390 2604 546 2637 Lucilius
573 2605 695 2637 edidit.
747 2605 834 2637 Post
860 2605 1057 2637 discessum
1080 2604 1231 2637 Gracchi
1256 2604 1293 2635 in
1318 2603 1511 2636 Sardiniam
1537 2608 1675 2636 senatus

195 2675 259 2708 per
284 2665 402 2706 legem
427 2664 541 2697 Penni
571 2665 779 2707 peregrinos
808 2664 901 2697 inter
939 2675 1028 2708 quos
1064 2668 1099 2697 et
1129 2668 1236 2707 poeta
1268 2663 1333 2695 fuit
1369 2673 1411 2695 ex
1445 2663 1533 2696 urbe
1560 2663 1675 2697 eiecit.

197 2724 309 2765 Quam
336 2724 398 2755 diu
422 2723 491 2755 ista
524 2723 582 2755 lex
614 2723 777 2762 ualuerit,
818 2734 899 2755 num
926 2728 1006 2755 ante
1041 2723 1193 2755 reditum
1223 2722 1374 2755 Gracchi
1402 2733 1493 2755 anno
1521 2723 1675 2763 630l124

196 2783 328 2814 factum
366 2782 536 2823 abrogata
573 2782 629 2820 sit,
668 2783 860 2815 nescimus:
899 2783 973 2814 ueri
1017 2782 1132 2814 simile
1173 2786 1291 2813 tamen
1331 2792 1403 2813 non
1442 2786 1504 2815 est.
1572 2781 1675 2815 Conf.

195 2839 354 2873 Fischeri
370 2840 560 2873 Zeittafeln
579 2840 624 2872 ad
643 2850 770 2872 annum
789 2839 955 2878 628l126.
983 2840 1096 2872 Meier
1113 2850 1165 2873 or.
1178 2840 1288 2873 Rom.
1305 2840 1427 2881 fragm.
1445 2851 1477 2883 p.
1502 2847 1578 2882 117.
1598 2847 1611 2871 1
1623 2839 1674 2872 16.

333 2899 359 2942 2)
387 2900 484 2932 Ante
512 2899 548 2933 C.
571 2900 778 2932 Gracchum
805 2899 916 2931 uerba
942 2910 1078 2932 comma
1102 2899 1208 2943 posui
1227 2899 1451 2932 Buechelero
1472 2903 1625 2932 auctore.
