1894 3403
416 896 497 942 IV.
541 897 635 943 DE
670 895 1114 943 ARGVMENTO
1151 895 1326 942 LIBRI
1361 895 1485 941 XIII.

349 1043 400 1082 U.
436 1053 515 1093 377
550 1043 584 1080 L
620 1054 669 1091 14
700 1044 744 1081 M

328 1112 426 1148 adde
456 1111 667 1160 Syracusis
698 1112 786 1149 sola
814 1111 1053 1160 pasceolum
1082 1111 1363 1160 matulamque

215 1180 283 1216 ubi
313 1180 437 1216 codd.
457 1179 677 1227 pasceolum
709 1179 917 1223 alutamen,
950 1179 1094 1216 Dousa
1115 1179 1414 1227 pasceolumque
1446 1182 1482 1214 el
1509 1178 1681 1217 alutam:

216 1247 291 1285 sed
322 1247 471 1283 alutam
502 1247 614 1284 iuxta
640 1248 862 1295 pasceolum
896 1248 1073 1297 positam
1112 1253 1273 1285 tantum
1305 1247 1357 1284 de
1387 1246 1558 1284 materia
1588 1247 1686 1284 corii

215 1314 394 1363 intellegi
425 1319 577 1363 potest,
610 1326 701 1352 cum
732 1315 887 1352 debeat
931 1316 985 1352 de
1030 1328 1074 1352 re
1121 1315 1301 1363 quadam
1339 1326 1391 1351 ex
1421 1314 1530 1351 aluta
1561 1314 1684 1359 facta,

215 1383 329 1421 uelut
360 1383 413 1419 de
442 1383 635 1421 sandaliis
649 1380 679 1432 ¹)
712 1383 920 1423 similibus.
982 1383 1105 1420 Aluta
1136 1382 1294 1421 litterae
1332 1388 1472 1432 aperte
1503 1394 1554 1420 ex
1584 1381 1683 1419 lem-

213 1456 345 1489 mate:
383 1451 584 1499 pasceolus
628 1463 681 1487 ex
723 1451 834 1487 aluta
876 1452 1055 1488 sacculus
1098 1451 1357 1500 irrepserunt.
1429 1450 1574 1499 Agitur
1604 1450 1683 1487 hoc

215 1530 335 1556 uersu
381 1519 433 1556 de
466 1518 630 1556 homine
676 1519 984 1565 delicatissimo,
1024 1531 1147 1568 quem
1175 1518 1356 1556 Lucilius
1401 1518 1504 1556 ludit
1547 1530 1682 1556 arces-

215 1592 374 1624 sentem
404 1598 427 1623 e
474 1586 574 1623 locis
607 1586 838 1636 longinquis
881 1587 1027 1636 quibus
1072 1586 1225 1636 optime
1270 1598 1460 1636 quaeque
1506 1585 1575 1623 fiat
1615 1598 1679 1623 res

214 1653 530 1703 simplicissimas
561 1653 677 1690 uelut
706 1654 840 1691 soleas
870 1655 1120 1703 marsupium
1141 1654 1349 1699 matulam,
1378 1654 1411 1691 si
1440 1659 1553 1690 recte
1583 1666 1679 1691 con-

213 1722 309 1760 ieci:
354 1727 465 1759 certe
509 1721 606 1759 nihil
650 1722 786 1759 adhuc
823 1722 1027 1771 prolatum
1063 1728 1138 1767 est,
1190 1722 1319 1770 magis
1364 1722 1479 1770 quod
1506 1721 1681 1770 placeat.

215 1789 361 1827 Talem
406 1790 611 1827 hominem
655 1790 850 1828 describit
879 1789 1088 1840 Theophr.
1118 1789 1226 1829 char.
1262 1800 1306 1827 21
1344 1786 1507 1838 Ἀμέλει
1537 1788 1584 1828 δὲ
1614 1786 1683 1828 καὶ

213 1854 394 1905 πίθηκον
425 1855 581 1907 θρέψαι
612 1855 754 1906 δεινὸς
784 1856 854 1896 καὶ
884 1855 1055 1907 τίτυρον
1092 1854 1334 1905 κτήσασθαι
1364 1854 1433 1896 καὶ
1464 1854 1683 1906 Σικελικὰς

213 1922 472 1973 περιστερὰς
495 1922 564 1963 καὶ
585 1922 866 1973 δορκαδείους
887 1921 1190 1973 ἀστραγάλους
1223 1921 1291 1962 καὶ
1322 1921 1566 1972 Θουριακὰς
1596 1922 1682 1962 τῶν

214 1988 492 2039 στρογγύλων
521 1988 734 2040 ληκύθους
772 1989 841 2030 καὶ
872 1989 1100 2041 βακτηρίας
1137 1990 1223 2030 τῶν
1252 1990 1439 2030 σκολιῶν
1475 1988 1521 2030 ἐκ
1554 1987 1685 2030 Λακε-

214 2055 418 2107 δαίμονος
456 2056 526 2097 καὶ
567 2055 748 2098 αὐλαίαν
782 2054 972 2108 ἔχουσαν
1001 2055 1181 2108 Πέρσας
1225 2055 1556 2108 ἐνυφασμένους
1595 2057 1681 2097 κτλ.

215 2125 374 2163 Tamen
400 2126 479 2163 hoc
510 2126 610 2163 libro
643 2138 726 2163 non
756 2127 890 2175 agitur
918 2128 972 2163 de
1003 2126 1231 2163 hominibus
1264 2126 1410 2163 talibus
1442 2127 1498 2164 ad
1536 2126 1683 2175 pusilla

214 2193 451 2239 ambitiosis,
483 2194 559 2231 sed
589 2200 634 2230 ut
663 2207 687 2231 e
720 2195 865 2231 ceteris
888 2193 1124 2243 fragmentis
1147 2194 1324 2232 cernitur
1354 2195 1408 2231 de
1432 2194 1683 2243 sumptuosis

215 2267 256 2298 et
285 2261 517 2298 luxuriosis:
550 2262 690 2310 itaque
721 2274 863 2299 uersus
894 2262 960 2298 ille
991 2263 1169 2310 pertinet
1199 2263 1255 2299 ad
1285 2261 1500 2299 helluones
1531 2262 1683 2299 delica-

216 2329 357 2367 tissimi
388 2329 554 2374 fastidii,
601 2330 670 2378 qui
700 2336 806 2367 terra
850 2330 1032 2378 marique
1078 2329 1324 2378 conquirunt
1369 2329 1684 2378 exquisitissima

216 2394 340 2446 (conf.
372 2396 502 2434 Uarro
537 2403 612 2435 sat.
645 2407 723 2444 403
758 2397 789 2433 B
821 2396 971 2434 Athen.
994 2396 1069 2433 VII
1100 2409 1138 2445 p.
1163 2395 1241 2444 278
1262 2395 1332 2445 D),
1364 2398 1507 2446 quales
1530 2397 1684 2434 Arche-

357 2546 384 2591 ¹)
409 2548 526 2579 Aliter
545 2548 649 2590 Quid.
669 2558 698 2581 a.
719 2558 749 2581 a.
767 2549 823 2580 III
842 2556 926 2590 271:
959 2547 1043 2580 ‘Pes
1060 2548 1173 2580 malus
1198 2548 1234 2579 in
1259 2548 1364 2580 niuea
1389 2559 1529 2592 semper
1554 2549 1687 2582 celetur

218 2606 361 2639 aluta’:
401 2607 470 2638 dici
497 2606 693 2639 sandalium
731 2607 800 2639 hoc
838 2607 920 2639 loco
954 2607 1044 2639 sicut
1068 2608 1172 2641 Mart.
1198 2608 1235 2639 II
1263 2615 1321 2648 29,
1348 2608 1367 2640 8
1395 2609 1641 2649 cognoscimus
1666 2620 1684 2641 e

216 2676 306 2698 uoce
326 2671 407 2708 pes,
433 2666 522 2698 sicut
545 2667 568 2700 1.
588 2666 612 2700 l.
632 2678 664 2701 u.
683 2674 750 2699 202
779 2666 979 2710 ‘Paruaque
998 2667 1155 2699 sinceras
1173 2666 1270 2699 uelat
1288 2667 1383 2699 aluta
1409 2667 1535 2708 genas'
1552 2668 1686 2701 debere

216 2725 381 2766 intellegi
422 2725 598 2768 splenium
638 2726 734 2768 quod
760 2726 865 2760 Mart.
890 2727 927 2758 11
954 2734 1010 2766 29,
1042 2734 1083 2758 10
1118 2726 1214 2764 dicit,
1252 2726 1428 2758 indicatur
1451 2737 1542 2759 uoce
1563 2739 1685 2769 genas

219 2784 393 2828 apposita.
442 2784 552 2817 Aluta
576 2785 684 2826 igitur
710 2784 760 2816 nil
786 2785 854 2817 nisi
881 2785 1014 2817 corium
1042 2785 1153 2817 molle
1180 2790 1214 2817 et
1240 2785 1428 2818 delicatum
1458 2785 1576 2828 posita
1608 2787 1686 2819 sola

216 2843 398 2885 significat.
