1894 3403
913 331 964 370 92

202 446 318 483 multi
342 458 540 484 monuere
572 444 761 492 (Mueller
787 447 885 484 edit.
917 458 955 495 p.
982 443 1080 494 288)
1113 446 1331 484 afferentes
1354 456 1518 483 uersum
1548 444 1676 483 illum:

317 511 496 559 Quintus
528 511 716 562 Opimius
747 512 826 562 ille,
858 512 1085 561 Iugurthini
1114 518 1232 562 pater
1261 512 1381 549 huius

202 580 311 620 conf.
343 579 569 618 Buecheler
606 592 762 630 proem.
802 580 921 618 Bonn
966 579 1068 630 1877
1100 593 1138 630 p.
1170 579 1215 619 6:
1261 579 1462 617 Lucilium
1499 579 1679 629 denique

201 653 297 696 post
346 660 500 685 annum
540 647 724 697 647l1o7
776 655 936 686 saturas
980 649 1191 697 scripsisse
1235 648 1387 685 euincit
1434 646 1518 685 Cic.
1568 647 1679 684 Brut.

208 713 298 759 160,
344 715 411 765 qui
454 716 508 752 de
544 714 590 754 L.
624 715 782 753 Licinio
815 715 985 753 Crasso:
1031 712 1106 753 ‘ita
1155 715 1303 752 tacitus
1348 714 1592 759 tribunatus,
1637 720 1682 751 ut

200 785 280 821 nisi
318 785 360 821 in
397 796 448 821 eo
481 785 724 834 magistratu
775 785 1009 822 cenauisset
1048 785 1161 834 apud
1199 795 1448 833 praeconem
1480 782 1681 820 Granium

200 852 328 901 idque
348 851 469 889 nobis
485 851 547 889 bis
570 853 820 889 narrauisset
837 852 1029 900 Lucilius,
1052 852 1256 888 tribunum
1277 851 1407 900 plebis
1428 850 1679 887 nesciremus

201 918 327 956 fuisse
339 914 362 957 ³.
395 918 523 956 Porro
552 919 648 956 161:
679 916 901 958 ‘Omnibus
930 919 1099 968 quidem
1127 918 1228 964 aliis,
1256 919 1437 969 inquam,
1468 918 1509 972 in
1532 917 1681 967 magis-

200 986 375 1022 tratibus
407 983 482 1032 (se.
519 985 724 1023 Scaeuola
752 986 888 1024 Crassi
919 987 1075 1036 collega
1106 984 1213 1035 fuit),
1246 987 1321 1023 sed
1351 986 1539 1023 tribunus
1570 997 1679 1022 anno

198 1059 295 1102 post
339 1052 413 1090 fuit
457 1065 593 1103 eoque
639 1054 681 1091 in
726 1055 865 1092 rostris
912 1055 1086 1092 sedente
1133 1054 1261 1091 suasit
1302 1053 1436 1103 legem
1467 1052 1680 1091 Seruiliam

201 1118 407 1160 Crassus’.
455 1122 544 1159 Lex
565 1121 737 1160 Seruilia
759 1134 868 1160 anno
891 1121 1077 1171 648s106
1109 1122 1192 1171 lata
1214 1127 1295 1160 est:
1318 1121 1424 1160 conf.
1446 1121 1680 1159 Mommsen

202 1189 252 1228 R.
273 1190 324 1229 G.
342 1190 380 1227 11
393 1203 432 1240 p.
456 1200 546 1239 129.
579 1190 690 1239 Ergo
714 1190 893 1228 Lucilius
916 1196 1010 1240 post
1028 1202 1180 1228 annum
1200 1187 1384 1239 647l107
1408 1200 1489 1239 quo
1506 1188 1678 1227 Crassus

201 1257 386 1296 tribunus
427 1264 516 1295 erat
553 1263 635 1296 tres
673 1263 878 1295 extremos
917 1264 1032 1295 certo
1075 1258 1198 1295 libros
1240 1258 1494 1307 composuit:
1541 1268 1679 1306 neque

202 1325 311 1362 enim
342 1325 384 1362 in
414 1326 567 1363 eodem
596 1326 697 1363 libro
731 1326 791 1363 bis
826 1326 968 1363 Granii
1000 1338 1148 1363 cenam
1179 1332 1385 1363 narratam
1423 1337 1517 1362 esse
1549 1324 1679 1362 credi-

202 1392 283 1429 bile
315 1398 379 1431 est
410 1405 546 1443 neque
577 1393 618 1430 in
657 1393 821 1431 duobus
854 1393 1074 1431 continuis.
1134 1394 1219 1431 Sed
1249 1405 1320 1431 cur
1351 1393 1456 1430 inter
1486 1393 1630 1429 librum
1660 1392 1677 1428 Ι

202 1466 244 1497 et
273 1461 311 1498 II
360 1461 411 1499 ab
455 1473 566 1498 anno
612 1460 798 1507 628s126
843 1473 972 1511 usque
1010 1462 1066 1499 ad
1097 1473 1250 1499 annum
1282 1458 1468 1510 635l119
1499 1459 1678 1497 Lucilius

202 1536 362 1568 saturas
393 1542 478 1568 non
509 1527 698 1580 scripsit?

338 1596 382 1637 C.
405 1597 586 1636 Lucilius
618 1597 796 1635 Suessae
819 1598 1037 1635 Auruncae
1064 1603 1186 1635 natus
1217 1603 1282 1635 est
1301 1592 1344 1648 ¹),
1374 1607 1526 1646 genere
1549 1594 1677 1632 diuite

204 1665 322 1713 (Hor.
356 1671 432 1705 sat.
455 1666 492 1703 ΙΙ
519 1677 551 1711 1,
574 1675 623 1715 75
655 1666 794 1716 ibique
825 1666 984 1714 scholl).
1046 1665 1197 1703 Suessa
1227 1666 1425 1716 oppidum
1456 1664 1678 1715 quotannis

200 1738 364 1782 praeter
407 1733 571 1782 pedites
617 1733 776 1770 circiter
805 1733 879 1770 LX
918 1733 1078 1783 equites
1122 1733 1277 1782 populo
1314 1733 1505 1770 Romano
1549 1732 1679 1770 dabat

201 1800 306 1851 (Liu.
339 1801 478 1839 XXIX
514 1811 575 1849 15,
608 1798 665 1850 5),
703 1801 809 1839 inter
839 1813 944 1852 quos
975 1802 1063 1838 sine
1095 1801 1221 1838 dubio
1252 1798 1435 1840 Lucilius
1466 1800 1678 1850 quondam

200 1874 301 1914 erat,
332 1869 423 1906 cuin
450 1868 578 1918 prima
608 1868 815 1918 stipendia
847 1868 1054 1906 merebat:
1096 1881 1191 1906 nam
1221 1880 1352 1905 annos
1390 1873 1512 1905 natus
1541 1867 1676 1905 XLVI

200 1948 310 1974 anno
356 1935 543 1985 620l134
588 1936 824 1986 Scipionem
866 1938 905 1974 in
938 1937 1183 1986 Hispaniam
1230 1941 1394 1974 secutus
1440 1941 1504 1973 est
1548 1947 1676 1986 eques

338 2121 365 2166 ¹)
386 2122 547 2155 Lucilius
575 2123 650 2156 sine
678 2123 790 2156 dubio
818 2123 962 2156 caelebs
988 2124 1076 2156 uixit
1110 2123 1154 2156 ad
1182 2134 1352 2155 summam
1380 2127 1606 2161 senectutem,
1647 2122 1677 2154 si

200 2181 276 2212 eius
310 2181 476 2224 reliquias
513 2187 606 2215 recte
640 2183 825 2224 intellego.
886 2184 1009 2226 Itaque
1044 2183 1178 2215 etiamsi
1209 2184 1350 2215 Romae
1383 2182 1524 2214 domum
1556 2181 1678 2214 habuit

197 2240 368 2283 (Mueller
393 2241 475 2274 edit.
501 2253 533 2284 p.
555 2244 636 2283 171)
663 2242 753 2275 ciuis
779 2244 968 2275 Romanus
987 2242 1062 2275 fieri
1088 2253 1161 2275 non
1186 2242 1314 2285 potuit,
1339 2242 1437 2285 quod
1467 2241 1517 2274 eis
1543 2246 1678 2274 tantum

197 2290 334 2342 liceret,
361 2300 419 2343 qui
445 2301 591 2343 stirpem
619 2312 661 2333 ex
688 2312 727 2334 se
754 2302 851 2334 domi
877 2302 1112 2344 reliquissent.
1163 2301 1266 2334 Conf.
1293 2302 1371 2334 Liu.
1390 2310 1449 2342 41,
1468 2302 1499 2339 8,
1518 2309 1539 2341 9
1573 2305 1677 2343 atque

198 2359 341 2392 omnino
369 2360 414 2391 de
441 2360 550 2393 sociis
577 2361 726 2394 nominis
753 2361 870 2393 Latini
900 2361 937 2393 in
963 2362 1050 2394 urbe
1082 2361 1381 2394 commorantibus
1407 2361 1483 2395 Liu.
1511 2369 1567 2402 39,
1595 2368 1627 2402 3,
1654 2369 1675 2400 4

197 2418 318 2461 ibique
345 2419 554 2463 interpretes
582 2425 616 2452 et
644 2428 699 2462 25,
715 2429 747 2463 3,
772 2422 824 2455 16.
877 2421 1007 2453 Contra
1033 2421 1156 2453 Lucilii
1183 2421 1290 2453 frater
1316 2425 1350 2453 et
1376 2420 1460 2453 ciuis
1490 2421 1676 2453 Romanus

198 2477 261 2509 fuit
300 2483 334 2510 et
371 2483 523 2517 senator,
560 2480 658 2512 cuius
697 2480 770 2512 filia
795 2480 932 2513 Lucilia
970 2480 1119 2523 (‘stirpis
1160 2479 1375 2513 senatoriae*
1413 2479 1511 2513 Uell.
1544 2480 1580 2511 II
1615 2478 1675 2523 29)

197 2535 258 2567 Cn.
287 2536 436 2579 Pompei
462 2538 644 2571 Strabonis
668 2550 756 2571 uxor
782 2540 845 2573 Cn.
869 2540 1019 2583 Pompei
1045 2540 1166 2581 Magni
1190 2543 1301 2571 mater
1327 2540 1420 2571 sacta
1446 2544 1507 2572 est.
1557 2540 1674 2571 Recte

195 2596 303 2636 igitur
328 2597 427 2629 Acro
467 2598 512 2630 ad
538 2599 627 2631 Hor.
662 2603 725 2631 sat.
751 2600 788 2631 II
819 2607 846 2638 1,
876 2606 937 2641 75:
970 2599 1084 2631 ‘Infra
1109 2598 1224 2631 Lucili
1264 2609 1417 2631 censum.
1468 2598 1557 2631 Ideo
1596 2598 1677 2641 quia

197 2655 308 2688 fertur
332 2656 491 2690 Lucilius
523 2658 632 2691 maior
663 2659 856 2691 auunculus
895 2659 1003 2692 fuisse
1035 2658 1184 2702 Pompei
1214 2657 1366 2700 Magni’.
1426 2657 1556 2690 Contra
1590 2660 1676 2690 Por-

197 2716 325 2759 phyrio
360 2718 404 2748 ad
434 2717 458 2750 1.
491 2718 532 2751 1.;
573 2718 737 2750 ‘Constat
775 2719 865 2750 enirn
891 2719 1067 2751 Lucilium
1100 2719 1312 2751 auunculum
1346 2719 1477 2760 (omisit
1508 2719 1588 2753 cod.
1620 2718 1675 2761 M)

196 2776 366 2809 maiorem
392 2777 542 2820 Pompei
579 2776 702 2811 fuisse.
756 2776 911 2822 [Etenim
952 2779 1028 2810 auia
1054 2778 1201 2822 Pompei
1240 2778 1371 2810 Lucilii
1410 2788 1511 2810 soror
1537 2777 1674 2822 suerat]

196 2837 319 2870 Uerba
351 2847 392 2869 ea
423 2847 513 2880 quae
546 2837 675 2870 seclusi
707 2838 817 2877 uncis,
852 2838 943 2871 falsa
974 2843 1055 2871 sunt
1079 2843 1116 2871 ut
1142 2848 1184 2870 ex
1210 2837 1335 2870 Uellei
1361 2837 1442 2870 loco
1470 2841 1615 2881 apparet
1641 2842 1676 2870 et

196 2896 407 2930 scholiastae
438 2897 583 2939 ingenio
622 2898 797 2930 debentur
838 2898 924 2941 quid
962 2898 1159 2931 auunculus
1197 2897 1310 2931 maior
1348 2897 1394 2930 sit
1425 2908 1609 2942 perperam
1642 2902 1677 2931 et

194 2958 442 3001 intempestiue
472 2957 692 3001 explicantis.
