1894 3403
926 219 978 259 79

342 332 411 375 καὶ
440 335 639 376 σιτευτοῦ
670 332 802 386 χηνὸς
833 331 941 384 ὁμοῦ
970 330 1151 374 σκεύαζε
1181 329 1360 372 νεοττόν

329 398 465 443 ὀπτὸν
496 400 644 454 ἁπλῶς
675 400 745 443 καὶ
776 399 901 442 τόνδε

218 471 285 509 ubi
316 470 516 512 σιτευτόν
546 473 706 523 scripsit
733 471 986 510 Archestrati
1018 470 1153 508 editor
1181 469 1242 510 W.
1262 469 1451 508 Ribbeck
1464 468 1509 520 ¹),
1539 470 1688 507 rectius

217 539 428 589 intelleges
459 546 695 589 comparato
728 538 872 576 Lucilii
902 551 939 577 u.
978 537 1082 575 1160
1112 538 1145 575 L
1179 538 1216 574 V
1251 549 1298 586 19
1329 538 1372 575 M

619 607 772 645 anseris
806 604 960 643 herbili’
992 605 1115 643 uirus.

217 672 296 710 Hic
327 675 437 711 uirus
470 686 543 724 pro
589 675 718 712 fetore
751 686 855 719 esse,
892 674 970 710 hoc
1013 677 1078 709 est
1107 684 1180 720 pro
1211 683 1308 715 ouo,
1353 672 1478 708 docet
1508 671 1686 715 Seruius,

216 740 377 778 herbilis
404 742 649 780 uocabulum
680 741 909 790 significare
941 751 1131 777 anserem
1162 738 1298 775 herbis
1328 744 1492 788 pastum
1524 739 1685 778 Paulus.

216 808 300 846 Illic
355 806 531 849 νεοττὸν
580 805 714 849 ὀπτόν
771 809 884 846 idem
937 813 1000 845 est
1052 807 1164 856 quod
1213 804 1303 858 ᾡοῦ
1354 802 1491 846 ὀπτοῦ
1533 804 1690 856 κροκόν

218 889 282 927 ap.
311 877 497 928 Theoph.
530 877 666 917 Nonn.
698 876 775 925 46:
810 877 906 914 uide
937 876 1044 913 enim
1068 880 1224 925 quanto
1254 875 1404 912 rectius
1436 875 1502 912 oui
1531 875 1687 913 mentio

216 945 287 981 fiat
317 957 439 995 quam
470 946 580 994 pulli.
640 942 848 994 Νεοττός·
878 941 904 991 ἡ
935 943 1013 982 τοῦ
1033 942 1122 996 ᾤοῦ
1152 940 1322 991 λέκιθος
1355 939 1424 980 καὶ
1444 939 1494 980 τὸ
1522 939 1687 991 πυρῤόν

218 1011 383 1049 Photius
414 1018 456 1049 et
486 1012 636 1051 Suidas
668 1013 895 1062 explicant:
927 1011 1034 1049 conf.
1059 1012 1183 1050 Mein.
1218 1023 1321 1048 com,
1345 1010 1415 1048 Gr.
1432 1021 1470 1058 4,
1496 1009 1561 1050 81.
1585 1021 1685 1059 427:

218 1080 386 1117 similem
418 1080 759 1130 significationem
789 1081 831 1117 in
860 1093 897 1118 u.
921 1080 1175 1118 Archestrati
1204 1091 1280 1116 usu
1299 1079 1442 1116 uenire
1475 1090 1526 1115 ex
1545 1078 1688 1116 Lucilii

216 1149 349 1186 uerbis
378 1148 592 1186 uerisimile
625 1154 699 1187 est.
759 1145 892 1197 Ὁμοῦ
912 1148 1115 1186 uocabulo
1146 1148 1312 1197 planum
1328 1153 1406 1192 est,
1437 1147 1503 1197 agi
1533 1148 1586 1183 de
1608 1146 1689 1183 cibi

216 1217 530 1265 praeparatione
562 1217 624 1253 cui
668 1228 759 1254 cum
792 1217 870 1253 alia
908 1222 994 1253 tum
1032 1227 1155 1253 ouum
1201 1215 1356 1252 anseris
1401 1214 1521 1252 altilis
1551 1226 1688 1252 assum

217 1283 316 1320 addi
345 1282 520 1329 iubetur,
565 1284 667 1321 sicut
697 1284 903 1333 torpedini
945 1284 1078 1321 elixae
1123 1282 1191 1319 oui
1220 1282 1402 1319 medium
1436 1281 1535 1319 addi
1575 1281 1689 1318 iubet

216 1350 381 1399 Apicius
412 1351 470 1388 IX
504 1361 539 1391 2.

349 1418 529 1456 Maxime
560 1416 659 1456 uero
691 1421 747 1457 ad
793 1432 845 1457 ea
874 1431 980 1469 quae
1016 1418 1146 1468 primo
1182 1418 1301 1467 posui
1342 1418 1425 1455 duo
1457 1417 1686 1467 fragmenta

216 1486 393 1534 pertinet
423 1491 533 1523 totus
564 1486 627 1524 ille
659 1487 774 1524 locus
806 1486 892 1526 Cic.
926 1487 979 1523 de
1000 1487 1065 1524 fin.
1085 1486 1123 1523 II
1142 1496 1212 1533 23:
1243 1482 1454 1531 ‘Mundos‚
1475 1485 1685 1534 elegantis,

216 1553 379 1602 optimis
400 1553 523 1599 cocis,
545 1554 781 1603 pistoribus,
802 1554 975 1604 piscatu,
1000 1553 1186 1603 aucupio,
1208 1548 1442 1599 uen‘atione‚
1474 1552 1535 1590 his
1557 1552 1684 1590 omni-

215 1620 292 1658 bus
314 1621 536 1670 exquisitis,
558 1622 723 1660 uitantis
746 1622 1004 1667 cruditatem,
1027 1622 1173 1671 quibus
1195 1622 1333 1658 uinum
1350 1621 1540 1659 defusum
1560 1634 1585 1659 e
1601 1622 1683 1659 lino

216 1688 267 1725 sit
296 1685 498 1737 χρυσίζον
519 1694 564 1725 ut
587 1689 642 1726 ait
669 1689 857 1734 Lucilius,
889 1689 953 1726 cui
984 1689 1080 1726 nihil
1110 1688 1135 1737 †
1157 1690 1255 1726 dum
1285 1689 1335 1726 sit
1354 1690 1414 1727 uis
1435 1694 1478 1726 et
1495 1689 1682 1728 sacculus

215 1755 442 1800 abstulerit,
473 1756 704 1794 adhibentis
737 1757 869 1803 ludos,
903 1789 909 1796 .
944 1786 952 1794 .
986 1787 994 1795 .
1026 1758 1162 1795 adsint
1206 1757 1329 1794 etiam
1366 1757 1531 1795 formosi
1558 1757 1683 1807 pueri,

215 1823 282 1874 qui
313 1823 559 1870 ministrent;
604 1826 857 1875 respondeat
895 1825 955 1862 his
987 1826 1128 1870 uestis,
1160 1831 1385 1874 argentum,
1417 1824 1681 1869 Corinthium,

213 1892 324 1930 locus
353 1892 453 1941 ipse,
494 1889 738 1931 aedificium’
771 1925 779 1933 .
813 1926 821 1933 .
854 1891 921 1943 .²).
982 1893 1150 1944 Singula
1192 1894 1233 1931 in
1280 1893 1397 1931 huius
1443 1892 1529 1931 libri
1577 1893 1682 1943 frag-

140 1962 145 1964 ’
214 1960 362 1997 mentis
392 1971 617 2009 agnoscere
647 1972 884 2010 possumus:

951 2042 1046 2067 nam
1077 2027 1293 2079 sumptibu’
1323 2029 1480 2078 magnis

326 2100 572 2133 exstructam
595 2096 782 2146 ampliter
802 2108 851 2134 ac
871 2097 1050 2135 iucunde
1081 2093 1213 2146 (alque
1244 2109 1327 2133 cum
1343 2094 1487 2145 codd.)
1518 2108 1681 2134 accum-

397 2204 400 2208 ,
1225 2160 1347 2201 bimu'
1382 2175 1567 2201 mensam

325 2230 435 2268 idem
465 2231 584 2281 epulo
616 2231 729 2269 cibus
761 2237 884 2282 atque
916 2233 1061 2283 epulae
1090 2232 1199 2270 Iouis
1230 2232 1522 2283 omnipotentis
1555 2262 1564 2271 .
1597 2263 1605 2271 .
1641 2261 1650 2270 .

217 2299 389 2335 Iucunda
433 2300 545 2348 quod
574 2300 767 2349 proposui
797 2312 998 2350 persaepe
1041 2301 1257 2338 adhibetur
1294 2302 1335 2338 in
1371 2313 1500 2338 cenae
1545 2301 1680 2338 lautae

214 2367 513 2417 descriptione:
563 2366 645 2407 Cic.
692 2369 747 2405 ad
788 2368 870 2407 Att.
916 2368 1016 2406 XIII
1063 2378 1114 2417 52
1158 2381 1208 2406 ex
1255 2368 1428 2409 Lucilio:
1470 2365 1594 2408 ‘Edit
1640 2375 1681 2407 et

213 2435 315 2472 bibit
345 2431 484 2483 ἀδεῶς
515 2440 556 2471 et
586 2433 781 2472 iucunde'
820 2448 856 2474 e.
893 2448 930 2485 q.
966 2448 998 2474 s.
1042 2436 1140 2474 Hor.
1175 2442 1251 2474 sat.
1282 2437 1300 2473 I
1334 2447 1370 2489 5,
1410 2447 1462 2486 70
1492 2433 1679 2474 ‘Prorsus

350 2607 379 2651 ²)
416 2607 637 2639 Archestrati
674 2608 852 2651 Syracusii
890 2608 964 2640 siue
1003 2608 1169 2640 Gelensis
1207 2609 1389 2651 reliquiae.
1451 2611 1682 2651 Recognouit

212 2667 275 2700 W.
302 2666 477 2699 Ribbeck
502 2666 620 2700 Berol.
652 2666 741 2709 1877
767 2678 804 2710 p.
826 2675 878 2708 19.

349 2725 375 2767 2)
400 2726 564 2757 Tractaui
590 2725 678 2758 haec
695 2726 805 2757 uerba
829 2726 867 2757 in
892 2726 1021 2758 libello
1049 2727 1221 2758 seminarii
1241 2727 1439 2759 Bonnensis
1466 2738 1558 2759 anno
1589 2728 1674 2760 1881

214 2783 313 2816 edito
339 2794 372 2827 p.
404 2792 433 2817 1.
461 2802 504 2808 —
533 2784 635 2818 Conf.
660 2784 816 2828 inprimis
843 2784 1105 2817 coniunctiuum
1131 2785 1225 2828 apud
1252 2786 1458 2819 Ciceronem
1482 2786 1679 2820 adhibitum

213 2843 371 2876 similiter
397 2849 500 2887 atque
525 2856 558 2877 u.
590 2853 673 2885 1091
704 2845 734 2876 L
758 2845 826 2877 inc.
853 2853 898 2887 97
925 2846 976 2879 M.
