<?xml version="1.0" encoding="UTF-8"?>
<!DOCTYPE html PUBLIC "-//W3C//DTD XHTML 1.0 Transitional//EN"
    "http://www.w3.org/TR/xhtml1/DTD/xhtml1-transitional.dtd">
<html xmlns="http://www.w3.org/1999/xhtml" xml:lang="en" lang="en">
 <head>
  <title>
</title>
<meta http-equiv="Content-Type" content="text/html;charset=utf-8" />
  <meta name='ocr-system' content='tesseract 3.04.00' />
  <meta name='ocr-capabilities' content='ocr_page ocr_carea ocr_par ocr_line ocrx_word'/>
</head>
<body>
  <div class='ocr_page' id='page_1' title='image "4627074_0088.png"; bbox 0 0 1894 3403; ppageno 0'>
   <div class='ocr_carea' id='block_1_1' title="bbox 936 267 986 317">
    <p class='ocr_par' dir='ltr' id='par_1_1' title="bbox 936 267 986 317">
     <span class='ocr_line' id='line_1_1' title="bbox 936 267 986 317; baseline 0 -13"><span class='ocrx_word' id='word_1_1' title='bbox 936 267 986 317; x_wconf 87' lang='lat'>76</span> 
     </span>
    </p>
   </div>
   <div class='ocr_carea' id='block_1_2' title="bbox 221 390 1739 1529">
    <p class='ocr_par' dir='ltr' id='par_1_2' title="bbox 221 390 1723 1121">
     <span class='ocr_line' id='line_1_2' title="bbox 336 390 1457 445; baseline -0.003 -12"><span class='ocrx_word' id='word_1_2' title='bbox 336 395 449 444; x_wconf 87' lang='lat' dir='ltr'><strong>Quid</strong></span> <span class='ocrx_word' id='word_1_3' title='bbox 480 392 607 433; x_wconf 85' lang='lat' dir='ltr'>dicis?</span> <span class='ocrx_word' id='word_1_4' title='bbox 637 406 707 432; x_wconf 92' lang='lat' dir='ltr'>cur</span> <span class='ocrx_word' id='word_1_5' title='bbox 738 399 802 432; x_wconf 91' lang='lat' dir='ltr'>est</span> <span class='ocrx_word' id='word_1_6' title='bbox 833 393 996 439; x_wconf 85' lang='lat' dir='ltr'>factum,</span> <span class='ocrx_word' id='word_1_7' title='bbox 1028 394 1144 445; x_wconf 92' lang='lat' dir='ltr'>quod</span> <span class='ocrx_word' id='word_1_8' title='bbox 1174 392 1294 431; x_wconf 87' lang='lat' dir='ltr'>coicis</span> <span class='ocrx_word' id='word_1_9' title='bbox 1325 390 1457 431; x_wconf 86' lang='lat' dir='ltr'>istuc?</span> 
     </span>
     <span class='ocr_line' id='line_1_3' title="bbox 223 462 1701 514; baseline -0.003 -12"><span class='ocrx_word' id='word_1_10' title='bbox 223 465 372 514; x_wconf 88' lang='lat' dir='ltr'>quibus</span> <span class='ocrx_word' id='word_1_11' title='bbox 401 465 509 502; x_wconf 89' lang='lat' dir='ltr'>bene</span> <span class='ocrx_word' id='word_1_12' title='bbox 541 464 653 501; x_wconf 91' lang='lat' dir='ltr'>illum</span> <span class='ocrx_word' id='word_1_13' title='bbox 683 463 783 501; x_wconf 84' lang='lat' dir='ltr'>facit</span> <span class='ocrx_word' id='word_1_14' title='bbox 816 467 1085 512; x_wconf 88' lang='lat' dir='ltr'>usurpantem</span> <span class='ocrx_word' id='word_1_15' title='bbox 1116 462 1201 499; x_wconf 90' lang='lat' dir='ltr'>iure</span> <span class='ocrx_word' id='word_1_16' title='bbox 1223 462 1500 499; x_wconf 90' lang='lat' dir='ltr'>consultorum</span> <span class='ocrx_word' id='word_1_17' title='bbox 1531 462 1701 499; x_wconf 87' lang='lat' dir='ltr'>uerbum</span> 
     </span>
     <span class='ocr_line' id='line_1_4' title="bbox 222 527 1701 581; baseline -0.003 -12"><span class='ocrx_word' id='word_1_18' title='bbox 222 532 379 577; x_wconf 79' lang='lat' dir='ltr'>coicere,</span> <span class='ocrx_word' id='word_1_19' title='bbox 410 531 448 570; x_wconf 90' lang='lat' dir='ltr'>h.</span> <span class='ocrx_word' id='word_1_20' title='bbox 481 544 517 570; x_wconf 91' lang='lat' dir='ltr'>e.</span> <span class='ocrx_word' id='word_1_21' title='bbox 551 544 669 581; x_wconf 82' lang='lat' dir='ltr'>agere</span> <span class='ocrx_word' id='word_1_22' title='bbox 690 527 731 580; x_wconf 90' lang='lat'>¹),</span> <span class='ocrx_word' id='word_1_23' title='bbox 772 542 929 567; x_wconf 83' lang='lat' dir='ltr'>causam</span> <span class='ocrx_word' id='word_1_24' title='bbox 959 530 1113 574; x_wconf 83' lang='lat' dir='ltr'>coicere,</span> <span class='ocrx_word' id='word_1_25' title='bbox 1146 541 1196 566; x_wconf 86' lang='lat' dir='ltr'>ex</span> <span class='ocrx_word' id='word_1_26' title='bbox 1227 528 1317 579; x_wconf 87' lang='lat' dir='ltr'>lege</span> <span class='ocrx_word' id='word_1_27' title='bbox 1347 529 1427 566; x_wconf 92' lang='lat' dir='ltr'>XII</span> <span class='ocrx_word' id='word_1_28' title='bbox 1459 528 1701 573; x_wconf 86' lang='lat' dir='ltr'>tabularum,</span> 
     </span>
     <span class='ocr_line' id='line_1_5' title="bbox 222 595 1698 646; baseline -0.003 -10"><span class='ocrx_word' id='word_1_29' title='bbox 222 600 290 636; x_wconf 92' lang='lat' dir='ltr'>ubi</span> <span class='ocrx_word' id='word_1_30' title='bbox 322 605 385 637; x_wconf 91' lang='lat' dir='ltr'>est</span> <span class='ocrx_word' id='word_1_31' title='bbox 415 600 456 636; x_wconf 89' lang='lat' dir='ltr'>in</span> <span class='ocrx_word' id='word_1_32' title='bbox 486 599 627 636; x_wconf 88' lang='lat' dir='ltr'>tabula</span> <span class='ocrx_word' id='word_1_33' title='bbox 659 598 698 637; x_wconf 83' lang='lat'>1:</span> <span class='ocrx_word' id='word_1_34' title='bbox 731 595 857 635; x_wconf 83' lang='lat' dir='ltr'>‘Rem</span> <span class='ocrx_word' id='word_1_35' title='bbox 887 598 956 634; x_wconf 92' lang='lat' dir='ltr'>ubi</span> <span class='ocrx_word' id='word_1_36' title='bbox 986 603 1154 646; x_wconf 89' lang='lat' dir='ltr'>pacunt,</span> <span class='ocrx_word' id='word_1_37' title='bbox 1185 602 1316 634; x_wconf 80' lang='lat' dir='ltr'>orato,</span> <span class='ocrx_word' id='word_1_38' title='bbox 1377 595 1427 633; x_wconf 94' lang='lat' dir='ltr'>Ni</span> <span class='ocrx_word' id='word_1_39' title='bbox 1456 601 1624 645; x_wconf 89' lang='lat' dir='ltr'>pacunt,</span> <span class='ocrx_word' id='word_1_40' title='bbox 1657 596 1698 632; x_wconf 90' lang='lat' dir='ltr'>in</span> 
     </span>
     <span class='ocr_line' id='line_1_6' title="bbox 222 662 1701 704; baseline -0.003 0"><span class='ocrx_word' id='word_1_41' title='bbox 222 666 389 704; x_wconf 91' lang='lat' dir='ltr'>comitio</span> <span class='ocrx_word' id='word_1_42' title='bbox 421 672 492 704; x_wconf 92' lang='lat' dir='ltr'>aut</span> <span class='ocrx_word' id='word_1_43' title='bbox 522 667 563 702; x_wconf 91' lang='lat' dir='ltr'>in</span> <span class='ocrx_word' id='word_1_44' title='bbox 594 665 683 703; x_wconf 89' lang='lat' dir='ltr'>foro</span> <span class='ocrx_word' id='word_1_45' title='bbox 718 671 814 703; x_wconf 87' lang='lat' dir='ltr'>ante</span> <span class='ocrx_word' id='word_1_46' title='bbox 848 665 1063 702; x_wconf 85' lang='lat' dir='ltr'>meridiem</span> <span class='ocrx_word' id='word_1_47' title='bbox 1094 675 1283 702; x_wconf 85' lang='lat' dir='ltr'>caussam</span> <span class='ocrx_word' id='word_1_48' title='bbox 1315 664 1539 702; x_wconf 85' lang='lat' dir='ltr'>coiciunto.</span> <span class='ocrx_word' id='word_1_49' title='bbox 1598 662 1701 700; x_wconf 93' lang='lat' dir='ltr'>Com</span> 
     </span>
     <span class='ocr_line' id='line_1_7' title="bbox 221 731 1702 783; baseline -0.001 -14"><span class='ocrx_word' id='word_1_50' title='bbox 221 739 442 782; x_wconf 86' lang='lat' dir='ltr'>peroranto</span> <span class='ocrx_word' id='word_1_51' title='bbox 468 733 590 770; x_wconf 91' lang='lat' dir='ltr'>ambo</span> <span class='ocrx_word' id='word_1_52' title='bbox 621 738 878 783; x_wconf 88' lang='lat' dir='ltr'>praesentes.</span> <span class='ocrx_word' id='word_1_53' title='bbox 940 731 1040 769; x_wconf 90' lang='lat' dir='ltr'>Post</span> <span class='ocrx_word' id='word_1_54' title='bbox 1083 731 1296 769; x_wconf 88' lang='lat' dir='ltr'>meridiem</span> <span class='ocrx_word' id='word_1_55' title='bbox 1341 731 1550 780; x_wconf 88' lang='lat' dir='ltr'>praesenti</span> <span class='ocrx_word' id='word_1_56' title='bbox 1590 731 1702 768; x_wconf 86' lang='lat' dir='ltr'>litem</span> 
     </span>
     <span class='ocr_line' id='line_1_8' title="bbox 223 797 1704 849; baseline -0.001 -12"><span class='ocrx_word' id='word_1_57' title='bbox 223 797 442 840; x_wconf 81' lang='lat' dir='ltr'>addicito&#39;.</span> <span class='ocrx_word' id='word_1_58' title='bbox 505 800 637 838; x_wconf 90' lang='lat' dir='ltr'>Uersu</span> <span class='ocrx_word' id='word_1_59' title='bbox 667 800 790 849; x_wconf 87' lang='lat' dir='ltr'>igitur</span> <span class='ocrx_word' id='word_1_60' title='bbox 818 812 942 849; x_wconf 91' lang='lat' dir='ltr'>supra</span> <span class='ocrx_word' id='word_1_61' title='bbox 965 800 1103 848; x_wconf 89' lang='lat' dir='ltr'>posito</span> <span class='ocrx_word' id='word_1_62' title='bbox 1135 799 1294 848; x_wconf 87' lang='lat' dir='ltr'>quaerit</span> <span class='ocrx_word' id='word_1_63' title='bbox 1326 798 1529 836; x_wconf 87' lang='lat' dir='ltr'>Scaeuola</span> <span class='ocrx_word' id='word_1_64' title='bbox 1560 810 1609 835; x_wconf 88' lang='lat' dir='ltr'>ex</span> <span class='ocrx_word' id='word_1_65' title='bbox 1632 798 1704 835; x_wconf 92' lang='lat' dir='ltr'>Al-</span> 
     </span>
     <span class='ocr_line' id='line_1_9' title="bbox 221 866 1701 919; baseline -0.001 -13"><span class='ocrx_word' id='word_1_66' title='bbox 221 869 345 907; x_wconf 92' lang='lat' dir='ltr'>bucio</span> <span class='ocrx_word' id='word_1_67' title='bbox 377 881 476 907; x_wconf 88' lang='lat' dir='ltr'>uera</span> <span class='ocrx_word' id='word_1_68' title='bbox 509 881 617 919; x_wconf 90' lang='lat' dir='ltr'>quae</span> <span class='ocrx_word' id='word_1_69' title='bbox 649 869 701 906; x_wconf 89' lang='lat' dir='ltr'>sit</span> <span class='ocrx_word' id='word_1_70' title='bbox 731 868 1008 907; x_wconf 84' lang='lat' dir='ltr'>accusationis</span> <span class='ocrx_word' id='word_1_71' title='bbox 1041 878 1183 905; x_wconf 89' lang='lat' dir='ltr'>causa:</span> <span class='ocrx_word' id='word_1_72' title='bbox 1232 879 1373 904; x_wconf 88' lang='lat' dir='ltr'>ueram</span> <span class='ocrx_word' id='word_1_73' title='bbox 1403 878 1569 905; x_wconf 90' lang='lat' dir='ltr'>causam</span> <span class='ocrx_word' id='word_1_74' title='bbox 1600 866 1701 904; x_wconf 87' lang='lat' dir='ltr'>dicit</span> 
     </span>
     <span class='ocr_line' id='line_1_10' title="bbox 223 935 1703 986; baseline -0.001 -13"><span class='ocrx_word' id='word_1_75' title='bbox 223 950 316 975; x_wconf 89' lang='lat' dir='ltr'>esse</span> <span class='ocrx_word' id='word_1_76' title='bbox 347 939 485 975; x_wconf 90' lang='lat' dir='ltr'>iocum</span> <span class='ocrx_word' id='word_1_77' title='bbox 514 938 639 982; x_wconf 87' lang='lat' dir='ltr'>illum,</span> <span class='ocrx_word' id='word_1_78' title='bbox 673 948 755 986; x_wconf 91' lang='lat' dir='ltr'>quo</span> <span class='ocrx_word' id='word_1_79' title='bbox 786 936 926 974; x_wconf 89' lang='lat' dir='ltr'>luserit</span> <span class='ocrx_word' id='word_1_80' title='bbox 943 936 1118 973; x_wconf 89' lang='lat' dir='ltr'>Athenis</span> <span class='ocrx_word' id='word_1_81' title='bbox 1146 935 1382 972; x_wconf 91' lang='lat' dir='ltr'>Albucium:</span> <span class='ocrx_word' id='word_1_82' title='bbox 1416 936 1600 983; x_wconf 90' lang='lat' dir='ltr'>sequitur</span> <span class='ocrx_word' id='word_1_83' title='bbox 1617 947 1703 971; x_wconf 91' lang='lat' dir='ltr'>ma-</span> 
     </span>
     <span class='ocr_line' id='line_1_11' title="bbox 221 1002 1723 1054; baseline -0.001 -12"><span class='ocrx_word' id='word_1_84' title='bbox 221 1017 348 1054; x_wconf 87' lang='lat' dir='ltr'>gnum</span> <span class='ocrx_word' id='word_1_85' title='bbox 377 1005 480 1042; x_wconf 90' lang='lat' dir='ltr'>illud</span> <span class='ocrx_word' id='word_1_86' title='bbox 512 1003 786 1053; x_wconf 87' lang='lat' dir='ltr'>fragmentum</span> <span class='ocrx_word' id='word_1_87' title='bbox 830 1003 872 1040; x_wconf 92' lang='lat' dir='ltr'>in</span> <span class='ocrx_word' id='word_1_88' title='bbox 916 1003 1117 1052; x_wconf 89' lang='lat' dir='ltr'>principio</span> <span class='ocrx_word' id='word_1_89' title='bbox 1157 1002 1276 1039; x_wconf 92' lang='lat' dir='ltr'>huius</span> <span class='ocrx_word' id='word_1_90' title='bbox 1308 1002 1599 1051; x_wconf 86' lang='lat' dir='ltr'>disputationis</span> <span class='ocrx_word' id='word_1_91' title='bbox 1629 1013 1723 1051; x_wconf 73' lang='lat' dir='ltr'>po-.</span> 
     </span>
     <span class='ocr_line' id='line_1_12' title="bbox 223 1069 1470 1121; baseline -0.002 -11"><span class='ocrx_word' id='word_1_92' title='bbox 223 1073 357 1118; x_wconf 90' lang='lat' dir='ltr'>situm,</span> <span class='ocrx_word' id='word_1_93' title='bbox 390 1073 505 1121; x_wconf 88' lang='lat' dir='ltr'>quod</span> <span class='ocrx_word' id='word_1_94' title='bbox 532 1072 760 1121; x_wconf 89' lang='lat' dir='ltr'>praecessit</span> <span class='ocrx_word' id='word_1_95' title='bbox 788 1070 937 1119; x_wconf 92' lang='lat' dir='ltr'>opinor</span> <span class='ocrx_word' id='word_1_96' title='bbox 967 1082 1110 1108; x_wconf 90' lang='lat' dir='ltr'>uersus</span> <span class='ocrx_word' id='word_1_97' title='bbox 1142 1081 1195 1117; x_wconf 86' lang='lat'>40</span> <span class='ocrx_word' id='word_1_98' title='bbox 1225 1069 1258 1107; x_wconf 95' lang='lat' dir='ltr'>L</span> <span class='ocrx_word' id='word_1_99' title='bbox 1290 1079 1342 1118; x_wconf 85' lang='lat'>30</span> <span class='ocrx_word' id='word_1_100' title='bbox 1369 1069 1430 1108; x_wconf 93' lang='lat' dir='ltr'>M:</span> <span class='ocrx_word' id='word_1_101' title='bbox 1468 1109 1470 1111; x_wconf 80' lang='grc'><strong>,</strong></span> 
     </span>
    </p>

    <p class='ocr_par' dir='ltr' id='par_1_3' title="bbox 224 1132 1703 1315">
     <span class='ocr_line' id='line_1_13' title="bbox 335 1132 1553 1188; baseline -0.002 -12"><span class='ocrx_word' id='word_1_102' title='bbox 335 1171 363 1176; x_wconf 71' lang='grc'><strong>-</strong></span> <span class='ocrx_word' id='word_1_103' title='bbox 383 1166 405 1178; x_wconf 54' lang='lat' dir='ltr'>s</span> <span class='ocrx_word' id='word_1_104' title='bbox 423 1166 446 1177; x_wconf 59' lang='grc' dir='ltr'><strong><em>υ</em></strong></span> <span class='ocrx_word' id='word_1_105' title='bbox 464 1172 490 1176; x_wconf 88' lang='grc'>-</span> <span class='ocrx_word' id='word_1_106' title='bbox 525 1139 696 1178; x_wconf 85' lang='lat' dir='ltr'>fandum</span> <span class='ocrx_word' id='word_1_107' title='bbox 727 1145 855 1188; x_wconf 90' lang='lat' dir='ltr'>atque</span> <span class='ocrx_word' id='word_1_108' title='bbox 888 1139 1072 1177; x_wconf 89' lang='lat' dir='ltr'>auditam</span> <span class='ocrx_word' id='word_1_109' title='bbox 1102 1132 1331 1175; x_wconf 76' lang='lat' dir='ltr'>iterabimu3</span> <span class='ocrx_word' id='word_1_110' title='bbox 1364 1133 1553 1188; x_wconf 84' lang='lat' dir='ltr'>f[amam]</span> 
     </span>
     <span class='ocr_line' id='line_1_14' title="bbox 224 1204 1703 1257; baseline -0.003 -12"><span class='ocrx_word' id='word_1_111' title='bbox 224 1208 372 1257; x_wconf 92' lang='lat' dir='ltr'>quibus</span> <span class='ocrx_word' id='word_1_112' title='bbox 420 1208 556 1244; x_wconf 90' lang='lat' dir='ltr'>uerbis</span> <span class='ocrx_word' id='word_1_113' title='bbox 606 1207 707 1244; x_wconf 90' lang='lat' dir='ltr'>dicit</span> <span class='ocrx_word' id='word_1_114' title='bbox 752 1218 843 1244; x_wconf 90' lang='lat' dir='ltr'>sese</span> <span class='ocrx_word' id='word_1_115' title='bbox 894 1218 978 1243; x_wconf 93' lang='lat' dir='ltr'>rem</span> <span class='ocrx_word' id='word_1_116' title='bbox 1020 1207 1101 1243; x_wconf 89' lang='lat' dir='ltr'>iam</span> <span class='ocrx_word' id='word_1_117' title='bbox 1147 1205 1401 1254; x_wconf 86' lang='lat' dir='ltr'>diuulgatam</span> <span class='ocrx_word' id='word_1_118' title='bbox 1447 1204 1703 1241; x_wconf 91' lang='lat' dir='ltr'>sermonibus</span> 
     </span>
     <span class='ocr_line' id='line_1_15' title="bbox 224 1275 635 1315; baseline 0.002 -2"><span class='ocrx_word' id='word_1_119' title='bbox 224 1277 371 1314; x_wconf 89' lang='lat' dir='ltr'>iterum</span> <span class='ocrx_word' id='word_1_120' title='bbox 400 1275 635 1315; x_wconf 89' lang='lat' dir='ltr'>relaturum.</span> 
     </span>
    </p>

    <p class='ocr_par' dir='ltr' id='par_1_4' title="bbox 224 1340 1739 1529">
     <span class='ocr_line' id='line_1_16' title="bbox 337 1340 1703 1392; baseline -0.003 -12"><span class='ocrx_word' id='word_1_121' title='bbox 337 1344 400 1381; x_wconf 89' lang='lat' dir='ltr'>Ea</span> <span class='ocrx_word' id='word_1_122' title='bbox 431 1355 538 1392; x_wconf 88' lang='lat' dir='ltr'>quae</span> <span class='ocrx_word' id='word_1_123' title='bbox 568 1347 725 1380; x_wconf 88' lang='lat' dir='ltr'>restant</span> <span class='ocrx_word' id='word_1_124' title='bbox 757 1341 985 1390; x_wconf 87' lang='lat' dir='ltr'>fragmenta</span> <span class='ocrx_word' id='word_1_125' title='bbox 1028 1341 1175 1390; x_wconf 90' lang='lat' dir='ltr'>partim</span> <span class='ocrx_word' id='word_1_126' title='bbox 1221 1346 1305 1378; x_wconf 87' lang='lat' dir='ltr'>tam</span> <span class='ocrx_word' id='word_1_127' title='bbox 1349 1340 1567 1389; x_wconf 89' lang='lat' dir='ltr'>perspicua</span> <span class='ocrx_word' id='word_1_128' title='bbox 1608 1344 1703 1376; x_wconf 88' lang='lat' dir='ltr'>sunt</span> 
     </span>
     <span class='ocr_line' id='line_1_17' title="bbox 225 1406 1739 1461; baseline -0.004 -11"><span class='ocrx_word' id='word_1_129' title='bbox 225 1417 270 1450; x_wconf 88' lang='lat' dir='ltr'>ut</span> <span class='ocrx_word' id='word_1_130' title='bbox 296 1412 405 1450; x_wconf 89' lang='lat' dir='ltr'>nulla</span> <span class='ocrx_word' id='word_1_131' title='bbox 427 1411 703 1461; x_wconf 87' lang='lat' dir='ltr'>explicatione</span> <span class='ocrx_word' id='word_1_132' title='bbox 725 1415 887 1460; x_wconf 86' lang='lat' dir='ltr'>egeant,</span> <span class='ocrx_word' id='word_1_133' title='bbox 920 1409 1068 1459; x_wconf 91' lang='lat' dir='ltr'>partim</span> <span class='ocrx_word' id='word_1_134' title='bbox 1097 1409 1155 1447; x_wconf 88' lang='lat' dir='ltr'>ita</span> <span class='ocrx_word' id='word_1_135' title='bbox 1176 1413 1380 1458; x_wconf 90' lang='lat' dir='ltr'>corrupta,</span> <span class='ocrx_word' id='word_1_136' title='bbox 1411 1413 1457 1445; x_wconf 91' lang='lat' dir='ltr'>ut</span> <span class='ocrx_word' id='word_1_137' title='bbox 1486 1406 1540 1444; x_wconf 91' lang='lat' dir='ltr'>nil</span> <span class='ocrx_word' id='word_1_138' title='bbox 1564 1407 1618 1445; x_wconf 88' lang='lat' dir='ltr'>ad</span> <span class='ocrx_word' id='word_1_139' title='bbox 1641 1418 1703 1444; x_wconf 90' lang='lat' dir='ltr'>ar·</span> <span class='ocrx_word' id='word_1_140' title='bbox 1735 1424 1739 1427; x_wconf 93' lang='lat'>·</span> 
     </span>
     <span class='ocr_line' id='line_1_18' title="bbox 224 1477 1370 1529; baseline -0.003 -11"><span class='ocrx_word' id='word_1_141' title='bbox 224 1485 467 1529; x_wconf 86' lang='lat' dir='ltr'>gumentum</span> <span class='ocrx_word' id='word_1_142' title='bbox 498 1479 624 1517; x_wconf 88' lang='lat' dir='ltr'>totius</span> <span class='ocrx_word' id='word_1_143' title='bbox 656 1479 743 1516; x_wconf 92' lang='lat' dir='ltr'>libri</span> <span class='ocrx_word' id='word_1_144' title='bbox 775 1478 1003 1515; x_wconf 86' lang='lat' dir='ltr'>eruendum</span> <span class='ocrx_word' id='word_1_145' title='bbox 1032 1477 1130 1514; x_wconf 88' lang='lat' dir='ltr'>inde</span> <span class='ocrx_word' id='word_1_146' title='bbox 1158 1477 1370 1515; x_wconf 91' lang='lat' dir='ltr'>lucremur.</span> 
     </span>
    </p>
   </div>
   <div class='ocr_carea' id='block_1_3' title="bbox 221 1643 1704 1982">
    <p class='ocr_par' dir='ltr' id='par_1_5' title="bbox 221 1643 1704 1982">
     <span class='ocr_line' id='line_1_19' title="bbox 363 1643 1703 1693; baseline -0.004 -12"><span class='ocrx_word' id='word_1_147' title='bbox 363 1648 389 1693; x_wconf 90' lang='lat'>¹)</span> <span class='ocrx_word' id='word_1_148' title='bbox 417 1648 554 1681; x_wconf 90' lang='lat' dir='ltr'>Nonius</span> <span class='ocrx_word' id='word_1_149' title='bbox 581 1658 614 1689; x_wconf 91' lang='lat' dir='ltr'>p.</span> <span class='ocrx_word' id='word_1_150' title='bbox 644 1646 731 1687; x_wconf 85' lang='lat'>267:</span> <span class='ocrx_word' id='word_1_151' title='bbox 761 1644 937 1683; x_wconf 89' lang='lat' dir='ltr'>‘Coicere,</span> <span class='ocrx_word' id='word_1_152' title='bbox 964 1654 1081 1685; x_wconf 86' lang='lat' dir='ltr'>agere.</span> <span class='ocrx_word' id='word_1_153' title='bbox 1106 1643 1279 1676; x_wconf 89' lang='lat' dir='ltr'>Afranius</span> <span class='ocrx_word' id='word_1_154' title='bbox 1306 1643 1524 1676; x_wconf 85' lang='lat' dir='ltr'>Materteris:</span> <span class='ocrx_word' id='word_1_155' title='bbox 1564 1654 1703 1676; x_wconf 86' lang='lat' dir='ltr'>causam</span> 
     </span>
     <span class='ocr_line' id='line_1_20' title="bbox 223 1701 1704 1745; baseline -0.004 -4"><span class='ocrx_word' id='word_1_156' title='bbox 223 1709 361 1743; x_wconf 87' lang='lat' dir='ltr'>coicere</span> <span class='ocrx_word' id='word_1_157' title='bbox 388 1707 495 1739; x_wconf 89' lang='lat' dir='ltr'>hodie</span> <span class='ocrx_word' id='word_1_158' title='bbox 524 1706 568 1737; x_wconf 87' lang='lat' dir='ltr'>ad</span> <span class='ocrx_word' id='word_1_159' title='bbox 596 1710 630 1737; x_wconf 85' lang='lat' dir='ltr'>te</span> <span class='ocrx_word' id='word_1_160' title='bbox 646 1704 741 1738; x_wconf 82' lang='lat' dir='ltr'>uolo.</span> <span class='ocrx_word' id='word_1_161' title='bbox 767 1703 929 1736; x_wconf 88' lang='lat' dir='ltr'>Ambon’</span> <span class='ocrx_word' id='word_1_162' title='bbox 950 1701 1111 1735; x_wconf 81' lang='lat' dir='ltr'>adestis?</span> <span class='ocrx_word' id='word_1_163' title='bbox 1138 1703 1339 1745; x_wconf 82' lang='lat' dir='ltr'>profuturos</span> <span class='ocrx_word' id='word_1_164' title='bbox 1359 1702 1518 1736; x_wconf 79' lang='lat' dir='ltr'>arbitror.</span> <span class='ocrx_word' id='word_1_165' title='bbox 1546 1703 1704 1740; x_wconf 89' lang='lat' dir='ltr'>Coicere,</span> 
     </span>
     <span class='ocr_line' id='line_1_21' title="bbox 221 1761 1704 1806; baseline -0.005 -6"><span class='ocrx_word' id='word_1_166' title='bbox 221 1768 343 1806; x_wconf 84' lang='lat' dir='ltr'>furari,</span> <span class='ocrx_word' id='word_1_167' title='bbox 371 1767 521 1799; x_wconf 88' lang='lat' dir='ltr'>auferre.</span> <span class='ocrx_word' id='word_1_168' title='bbox 572 1763 743 1796; x_wconf 83' lang='lat' dir='ltr'>Afranius</span> <span class='ocrx_word' id='word_1_169' title='bbox 768 1762 939 1795; x_wconf 88' lang='lat' dir='ltr'>Incendio</span> <span class='ocrx_word' id='word_1_170' title='bbox 956 1787 964 1795; x_wconf 88' lang='lat'><strong>.</strong></span> <span class='ocrx_word' id='word_1_171' title='bbox 986 1786 1016 1795; x_wconf 88' lang='lat'>..</span> <span class='ocrx_word' id='word_1_172' title='bbox 1044 1761 1201 1794; x_wconf 86' lang='lat' dir='ltr'>Lucilius</span> <span class='ocrx_word' id='word_1_173' title='bbox 1227 1761 1290 1795; x_wconf 86' lang='lat' dir='ltr'>lib.</span> <span class='ocrx_word' id='word_1_174' title='bbox 1316 1762 1353 1793; x_wconf 95' lang='lat' dir='ltr'>II</span> <span class='ocrx_word' id='word_1_175' title='bbox 1378 1762 1461 1804; x_wconf 81' lang='lat' dir='ltr'>quid</span> <span class='ocrx_word' id='word_1_176' title='bbox 1488 1761 1604 1795; x_wconf 81' lang='lat' dir='ltr'>dicis?</span> <span class='ocrx_word' id='word_1_177' title='bbox 1644 1772 1704 1793; x_wconf 91' lang='lat' dir='ltr'>cur</span> 
     </span>
     <span class='ocr_line' id='line_1_22' title="bbox 223 1820 1703 1868; baseline -0.005 -8"><span class='ocrx_word' id='word_1_178' title='bbox 223 1832 278 1860; x_wconf 87' lang='lat' dir='ltr'>est</span> <span class='ocrx_word' id='word_1_179' title='bbox 302 1827 430 1859; x_wconf 87' lang='lat' dir='ltr'>factum</span> <span class='ocrx_word' id='word_1_180' title='bbox 456 1824 552 1868; x_wconf 91' lang='lat' dir='ltr'>quod</span> <span class='ocrx_word' id='word_1_181' title='bbox 580 1823 684 1855; x_wconf 88' lang='lat' dir='ltr'>coicis</span> <span class='ocrx_word' id='word_1_182' title='bbox 709 1821 828 1855; x_wconf 75' lang='lat' dir='ltr'>istuc?</span> <span class='ocrx_word' id='word_1_183' title='bbox 856 1838 899 1845; x_wconf 88' lang='lat'>—-—</span> <span class='ocrx_word' id='word_1_184' title='bbox 926 1821 1066 1853; x_wconf 91' lang='lat' dir='ltr'>Nonius</span> <span class='ocrx_word' id='word_1_185' title='bbox 1105 1820 1195 1853; x_wconf 83' lang='lat' dir='ltr'>falso</span> <span class='ocrx_word' id='word_1_186' title='bbox 1235 1821 1313 1853; x_wconf 94' lang='lat' dir='ltr'>loco</span> <span class='ocrx_word' id='word_1_187' title='bbox 1344 1821 1468 1854; x_wconf 87' lang='lat' dir='ltr'>Lucilii</span> <span class='ocrx_word' id='word_1_188' title='bbox 1508 1821 1703 1864; x_wconf 80' lang='lat' dir='ltr'>exemplum</span> 
     </span>
     <span class='ocr_line' id='line_1_23' title="bbox 222 1879 1704 1930; baseline -0.005 -11"><span class='ocrx_word' id='word_1_189' title='bbox 222 1886 354 1930; x_wconf 87' lang='lat' dir='ltr'>posuit:</span> <span class='ocrx_word' id='word_1_190' title='bbox 394 1883 551 1917; x_wconf 84' lang='lat' dir='ltr'>debebat</span> <span class='ocrx_word' id='word_1_191' title='bbox 575 1892 631 1914; x_wconf 92' lang='lat' dir='ltr'>me</span> <span class='ocrx_word' id='word_1_192' title='bbox 656 1881 772 1914; x_wconf 91' lang='lat' dir='ltr'>iudice</span> <span class='ocrx_word' id='word_1_193' title='bbox 797 1890 930 1924; x_wconf 87' lang='lat' dir='ltr'>ponere</span> <span class='ocrx_word' id='word_1_194' title='bbox 958 1884 1038 1912; x_wconf 89' lang='lat' dir='ltr'>ante</span> <span class='ocrx_word' id='word_1_195' title='bbox 1064 1879 1193 1912; x_wconf 90' lang='lat' dir='ltr'>lemma</span> <span class='ocrx_word' id='word_1_196' title='bbox 1219 1879 1373 1919; x_wconf 82' lang='lat' dir='ltr'>Coicere,</span> <span class='ocrx_word' id='word_1_197' title='bbox 1392 1880 1534 1924; x_wconf 85' lang='lat' dir='ltr'>furari</span> <span class='ocrx_word' id='word_1_198' title='bbox 1565 1883 1603 1912; x_wconf 90' lang='lat' dir='ltr'>ut</span> <span class='ocrx_word' id='word_1_199' title='bbox 1627 1890 1704 1923; x_wconf 88' lang='lat' dir='ltr'>per-</span> 
     </span>
     <span class='ocr_line' id='line_1_24' title="bbox 222 1926 1585 1982; baseline -0.008 -4"><span class='ocrx_word' id='word_1_200' title='bbox 222 1946 352 1979; x_wconf 89' lang='lat' dir='ltr'>tineret</span> <span class='ocrx_word' id='word_1_201' title='bbox 379 1944 424 1976; x_wconf 89' lang='lat' dir='ltr'>ad</span> <span class='ocrx_word' id='word_1_202' title='bbox 449 1944 576 1976; x_wconf 90' lang='lat' dir='ltr'>lemma</span> <span class='ocrx_word' id='word_1_203' title='bbox 604 1941 757 1979; x_wconf 79' lang='lat' dir='ltr'>coicere,</span> <span class='ocrx_word' id='word_1_204' title='bbox 783 1950 907 1982; x_wconf 76' lang='lat' dir='ltr'>agere.</span> <span class='ocrx_word' id='word_1_205' title='bbox 1581 1926 1585 1929; x_wconf 19' lang='lat' dir='ltr'>v</span> 
     </span>
    </p>
   </div>
  </div>
 </body>
</html>
