1894 3403
915 297 970 338 80

198 423 380 463 iucunde
411 435 558 463 cenam
588 423 857 475 producimus
888 423 999 463 illam
1013 420 1037 464 ².
1097 423 1273 463 Uersum
1323 429 1552 463 extremum
1593 435 1679 463 non

198 492 395 543 intellego
429 498 474 531 ut
505 492 668 542 Lipsius
701 492 769 529 alii
799 493 852 529 de
884 492 1143 530 lectisterniis
1171 492 1296 538 Io‘uis,
1339 493 1416 531 sed
1446 493 1677 531 ambrosiae

198 564 242 597 et
270 559 451 598 nectaris
496 559 627 598 instar
655 570 751 597 esse
788 558 925 597 cibum
970 559 1070 597 dicit
1100 558 1279 598 Lucilius
1327 571 1421 598 mea
1451 554 1676 598 sententia:

197 627 313 665 iocus
345 639 472 677 saepe
503 627 713 666 adhibitur
752 628 866 677 apud
895 626 1207 665 Archestratum
1235 626 1403 676 (Athen.
1437 627 1496 665 III
1523 641 1562 678 p.
1600 639 1671 665 111

198 695 231 732 F
250 694 328 732 VII
344 707 385 745 p.
408 706 488 745 303
511 696 545 733 E
564 705 644 743 505
665 696 700 734 E
731 701 773 733 et
802 694 973 745 passim)
1004 695 1239 733 Matronem
1269 696 1472 745 parodum
1504 693 1675 745 (Athen.

196 762 255 799 IV
306 774 346 811 p.
399 764 475 810 136
518 764 556 800 A
602 760 810 812 κάραβος,
857 759 1052 811 ἀστακὸς
1105 759 1227 813 αὖτε,
1280 760 1468 802 λιλαίετο
1507 760 1678 811 θωρήσ-

197 829 355 868 σεσθαι
385 825 459 869 Ἐν
490 827 695 880 μακάρων
726 827 946 879 δείπνοις),
978 826 1124 878 Ζανὸς
1141 826 1371 879 τρώγματα
1393 830 1529 867 cibum
1549 841 1678 879 quen-

199 899 296 936 dam
327 897 578 937 Philoxenus
623 899 803 949 appellat
849 899 962 948 apud
1006 898 1155 938 Athen.
1187 897 1285 936 XIV
1322 910 1360 948 p.
1393 897 1471 947 643
1506 898 1551 939 B.
1611 898 1676 936 De

144 1019 147 1022 Α
197 966 360 1016 piscatu
406 978 536 1005 cenae
578 967 783 1018 exquisito
829 966 964 1015 agitur
1008 979 1045 1005 u.
1092 965 1172 1016 378
1219 966 1251 1003 L
1298 965 1321 1002 8
1364 966 1422 1011 M,
1466 967 1519 1004 de
1567 968 1677 1004 uasis

198 1035 389 1085 pretiosis
418 1048 457 1074 u.
491 1034 570 1084 382
617 1035 650 1073 L
693 1045 715 1084 5
752 1035 795 1073 M
845 1047 968 1085 quem
1012 1046 1178 1072 uersum
1223 1034 1418 1073 collatum
1464 1047 1557 1073 cum
1591 1034 1676 1075 Cic.

197 1102 303 1142 Mur.
338 1113 389 1152 75
430 1104 501 1141 ubi
532 1104 675 1141 Aelius
707 1104 874 1141 Tubero
905 1109 1099 1153 praetura
1145 1104 1294 1140 dicitur
1338 1114 1432 1140 esse
1478 1103 1677 1152 deiectus,

198 1170 295 1219 quia
328 1169 474 1208 Samiis
507 1171 617 1208 uasis
657 1170 859 1220 similique
892 1177 1095 1221 apparatu
1134 1170 1325 1220 exposito
1355 1170 1521 1207 nimiam
1550 1170 1677 1219 parsi-

198 1238 379 1275 moniam
410 1244 625 1276 ostentans
657 1239 874 1276 Aemiliani
903 1239 1051 1276 mortui
1083 1239 1124 1275 in
1155 1238 1354 1275 honorem
1383 1238 1538 1287 populo
1578 1249 1677 1286 epu·

197 1306 279 1342 lum
310 1306 512 1351 dedisset,
560 1312 671 1344 recte
702 1306 931 1356 intelleges.
990 1306 1110 1343 Haec
1156 1306 1294 1343 omnia
1340 1305 1526 1355 quamuis
1566 1305 1678 1343 tenui

197 1372 264 1409 filo
295 1374 401 1410 inter
438 1385 481 1411 se
514 1374 778 1411 cohaerentia
823 1375 855 1411 si
895 1380 1006 1411 recte
1051 1374 1264 1423 explicam,
1308 1373 1424 1410 simili
1456 1373 1530 1411 fuit
1560 1385 1676 1421 argu-

198 1447 339 1478 mento
370 1441 473 1479 liber
503 1442 598 1479 XIII
633 1448 758 1491 atque
788 1441 886 1481 Hor.
921 1448 997 1482 sat.
1029 1441 1065 1478 ΙΙ
1093 1452 1133 1489 4.

335 1508 384 1548 U.
418 1509 499 1557 385
532 1510 566 1547 L
603 1519 648 1558 15
681 1509 726 1547 M

458 1574 554 1614 unu'
589 1577 717 1614 modo
751 1578 804 1614 de
834 1577 970 1614 multis
1003 1577 1072 1626 qui
1105 1576 1271 1626 ingenio
1303 1577 1355 1614 sit

200 1644 382 1682 Lucilius
415 1650 577 1695 spectat
608 1650 653 1682 ut
684 1645 831 1695 opinor
850 1645 1021 1683 Homeri
1053 1645 1178 1682 uerba
1210 1645 1263 1682 de
1280 1644 1439 1682 Tiresia
1468 1644 1572 1681 inter
1590 1654 1676 1680 um-

199 1719 293 1755 bras
325 1730 455 1756 uanas
488 1719 673 1768 sapiente
704 1731 787 1756 uno
820 1717 861 1765 (κ
894 1715 996 1770 495)
1019 1719 1077 1756 sic
1104 1724 1264 1756 mutata

313 1782 409 1834 οἶος
439 1784 669 1825 πέπνυται·
701 1784 767 1825 τοὶ
798 1784 845 1825 δὲ
875 1784 992 1829 σκιαὶ
1023 1784 1231 1825 ἀΐσσουσι

200 1854 553 1903 quemadmodum
584 1853 888 1891 adhibebantur
927 1854 967 1890 in
999 1852 1268 1903 Chrysippum
1299 1853 1481 1890 Stoicum
1519 1851 1673 1900 (Laert.

201 1921 279 1957 VII
316 1917 434 1972 183):
480 1921 623 1959 Lucilii
655 1927 795 1959 autem
827 1927 966 1958 aetate
1007 1933 1149 1958 uersus
1180 1922 1276 1958 ideo
1307 1921 1544 1958 notissimus
1576 1925 1674 1968 erat,

199 1989 313 2038 quod
358 1987 463 2026 Cato
496 1988 717 2026 Censorius
753 2000 849 2025 eum
894 1989 935 2025 in
967 1994 1113 2026 senatu
1146 1989 1201 2025 de
1231 1988 1472 2032 Aemiliano,
1505 1985 1676 2024 Cartha-

198 2057 304 2105 ginis
328 2057 550 2094 obsessore
574 2057 676 2094 dixit
699 2062 806 2094 teste
825 2056 1045 2094 Plutarcho
1068 2055 1157 2095 Cat.
1178 2066 1225 2105 27
1245 2056 1364 2093 Liuio
1381 2068 1465 2105 per.
1488 2065 1542 2103 49
1575 2054 1673 2093 aliis.
