1894 3403
929 269 982 310 70

216 385 395 423 Ennium
427 386 530 423 alios
577 390 772 435 usurpata
813 385 908 423 uide
939 384 1268 423 Schoemannum
1313 385 1366 422 ad
1397 384 1478 423 Cic.
1525 384 1577 420 de
1609 387 1691 420 nat.

216 453 331 492 deor.
364 453 403 491 11
433 463 497 503 70.
558 451 653 489 on
698 451 967 488 centurionum
1009 452 1285 502 significanter
1319 452 1454 502 posita
1493 451 1692 507 significat

216 520 405 559 homines
446 526 636 558 strenuos
680 519 933 557 subrusticos
965 519 1192 565 illiteratos,
1228 519 1407 569 inprimis
1441 512 1691 557 Graecorum

217 588 446 626 studiorum
488 587 725 626 fastidiosos
768 587 871 627 sicut
912 588 1022 637 apud
1062 587 1172 626 Pers.
1202 587 1259 624 III
1292 596 1341 636 77
1387 583 1489 636 gens
1532 586 1692 623 hircosa

216 656 501 694 centurionum
522 655 560 691 V
597 655 673 705 189
704 668 792 706 sqq.
824 656 1000 694 uaricosi
1032 657 1293 694 centuriones
1316 653 1346 704 ¹)
1377 655 1497 693 Mart.
1514 653 1575 691 XI
1605 665 1644 702 3,
1665 664 1691 701 4

214 723 367 772 rigidus
399 724 594 763 centurio,

350 789 424 828 Illa
472 791 547 828 tria
579 790 809 842 fragmenta
849 804 902 829 ex
932 804 1014 829 uno
1058 792 1294 841 eodemque
1340 790 1440 828 libro
1485 801 1577 827 esse
1622 790 1691 826 de-

216 864 380 908 sumpta
415 870 539 896 nemo
579 859 765 908 negabit:
811 860 999 897 dicuntur
1035 860 1143 897 enim
1182 872 1206 897 a
1236 858 1287 906 Q.
1318 858 1455 896 Mucio
1492 856 1693 895 Scaeuola

215 938 369 975 augure
399 927 537 964 omnia
567 927 609 963 in
639 927 821 964 eundem
853 927 901 965 T.
933 927 1149 964 Albucium
1179 932 1223 963 et
1253 927 1307 963 de
1338 926 1486 963 eadem
1516 937 1571 963 re.
1630 925 1691 962 Ex

215 992 454 1041 fragmentis
483 993 614 1043 primo
654 999 696 1031 et
727 995 911 1032 secundo
953 1000 1127 1043 apparet
1156 999 1374 1043 praesente
1408 992 1594 1038 Albucio,
1626 991 1692 1041 qui

214 1060 343 1096 modo
376 1060 606 1097 orationem
646 1060 833 1097 habuerit
863 1061 1109 1098 Scaeuolam
1147 1061 1273 1097 uerba
1304 1061 1452 1104 facere,
1496 1072 1573 1097 nec
1603 1061 1691 1097 solo

215 1126 386 1165 Albucio
418 1133 652 1177 praesente,
685 1128 759 1166 sed
792 1128 985 1177 pluribus,
1032 1128 1179 1177 quibus
1224 1128 1264 1165 in
1307 1127 1536 1178 fragmento
1571 1127 1691 1165 tertio

215 1195 473 1232 demonstret
518 1196 629 1232 unde
679 1195 872 1233 Albucius
918 1196 995 1233 sibi
1040 1196 1226 1233 inimicus
1272 1196 1400 1233 factus
1447 1196 1509 1233 sit.
1574 1195 1693 1233 Haec

215 1262 291 1299 tria
322 1262 553 1311 fragmenta
584 1275 668 1300 non
684 1269 858 1312 possunt
886 1276 971 1300 non
993 1263 1132 1301 referri
1163 1264 1219 1301 ad
1248 1268 1455 1302 narratum
1485 1276 1510 1301 a
1539 1263 1692 1301 Lucilio

215 1330 409 1368 iudicium
437 1331 761 1379 repetundarum
775 1328 821 1379 ²),
860 1332 971 1381 quod
1013 1344 1122 1369 anno
1155 1331 1342 1381 634l120
1369 1331 1542 1370 Albucio
1574 1344 1692 1376 accu-

217 1404 336 1436 sante
368 1399 421 1435 de
444 1397 645 1436 Scaeuola
677 1398 826 1437 factum
846 1404 929 1444 est;
957 1399 1026 1449 qui
1048 1411 1156 1437 anno
1175 1397 1356 1449 633l121
1384 1405 1551 1450 praetor
1565 1400 1691 1437 Asiae

216 1466 454 1514 prouinciae
500 1465 631 1503 fuerat
677 1462 781 1515 (Cic.
832 1467 885 1503 de
933 1479 990 1503 or.
1024 1467 1064 1503 II
1098 1465 1208 1515 269),
1254 1480 1306 1504 ex
1348 1473 1540 1516 praetura
1583 1479 1692 1504 anno

217 1531 406 1581 634l120
438 1533 762 1583 repetundarum
810 1547 835 1571 a
879 1533 930 1573 T.
961 1534 1133 1572 Albucio
1179 1535 1411 1585 postulatus
1441 1540 1516 1574 est.
1576 1534 1693 1583 Quae

216 1613 340 1639 causa
379 1614 403 1638 a
435 1601 634 1639 Cicerone
678 1602 920 1651 saepissime
962 1609 1232 1648 memoratur;
1276 1603 1363 1641 sine
1396 1603 1524 1641 dubio
1554 1603 1694 1641 Lucilii

217 1675 354 1707 satura
385 1669 470 1707 eius
503 1669 613 1707 fama
656 1675 873 1719 tantopere
905 1676 1135 1719 propagata
1178 1675 1253 1710 est.
1313 1669 1402 1707 Utri
1430 1670 1606 1708 Lucilius
1637 1669 1695 1707 fa-

218 1737 323 1774 uerit
353 1737 393 1774 in
424 1737 658 1775 narratione
689 1738 874 1782 actionis,
906 1737 1068 1778 difficile
1089 1738 1268 1776 iudicatu
1303 1743 1384 1776 est:
1440 1750 1537 1775 nam
1556 1738 1694 1775 Mucio

215 1803 416 1840 subiratus
460 1803 609 1841 dicitur
652 1816 678 1841 a
710 1802 909 1841 Cicerone
946 1805 1000 1841 de
1032 1816 1090 1841 or.
1121 1804 1138 1841 1
1173 1813 1222 1852 72
1268 1809 1312 1841 et
1340 1804 1501 1842 Albucii
1532 1804 1695 1840 uidetur

216 1876 326 1909 artes
362 1871 538 1921 pueriles
569 1871 718 1916 risisse,
749 1871 826 1909 nisi
858 1870 1001 1909 Cicero
1030 1883 1157 1921 praue
1187 1883 1274 1909 rem
1305 1876 1453 1909 narrat.
1514 1870 1693 1909 Lucilius

216 1938 338 1986 igitur
367 1938 562 1975 iudicium
591 1938 689 1975 illud
721 1938 892 1976 tradidit
923 1939 1146 1976 memoriae
1176 1939 1218 1975 in
1259 1943 1396 1976 satura
1427 1950 1507 1987 qua
1537 1938 1695 1975 Albucii

217 2004 349 2043 oratio
379 1994 643 2054 referebatur,
675 2011 770 2055 post
803 2006 1058 2055 sequebatur
1088 2005 1312 2044 Scaeuolae
1342 2005 1498 2043 oratio:
1539 2016 1590 2042 ex
1619 2004 1696 2043 hac

217 2072 290 2108 tria
322 2072 387 2108 illa
419 2072 651 2119 fragmenta
681 2073 792 2121 apud
814 2071 1062 2109 Ciceronem
1093 2078 1257 2110 seruata
1286 2077 1393 2110 sunt.
1454 2071 1561 2109 Nam
1590 2068 1694 2108 ‘Mu-

218 2141 303 2178 cius
335 2152 476 2189 augur,
520 2141 634 2189 quod
669 2153 743 2190 pro
781 2153 824 2178 se
859 2153 963 2190 opus
996 2146 1097 2183 erat,
1138 2140 1226 2189 ipse
1258 2139 1434 2183 dicebat,
1466 2144 1510 2175 ut
1540 2138 1593 2175 de
1624 2150 1694 2187 pe-

218 2208 344 2245 cuniis
374 2208 611 2257 repetundis
645 2215 786 2246 contra
819 2209 867 2248 T.
897 2209 1125 2246 Albucium.
1175 2208 1213 2244 Is
1231 2213 1439 2244 oratorum
1469 2206 1510 2242 in
1526 2217 1694 2242 numero

217 2288 300 2313 non
333 2275 419 2319 fuit,
452 2275 547 2313 iuris
582 2276 707 2314 ciuilis
737 2276 1020 2325 intellegentia
1049 2282 1172 2326 atque
1213 2275 1323 2313 omni
1352 2273 1594 2324 prudentiae
1624 2286 1693 2322 ge-

356 2454 383 2497 ¹)
411 2455 478 2496 Qui
517 2466 640 2487 uersus
676 2455 869 2496 dignissimi
897 2464 978 2488 sunt
1012 2467 1099 2498 quos
1142 2466 1220 2488 cum
1246 2455 1371 2488 Lucilii
1408 2455 1473 2487 illo
1500 2456 1695 2497 fragmento

218 2514 396 2546 conferas:
425 2514 614 2557 utrobique
641 2514 732 2546 enim
759 2515 951 2547 centurioni
979 2515 1124 2547 robusto
1151 2519 1395 2558 comparantur
1422 2514 1557 2548 Graeci.
1607 2516 1695 2547 Sunt

217 2584 304 2607 uero
330 2573 385 2606 hi:

485 2633 628 2665 Dixeris
654 2633 743 2665 haec
769 2633 859 2666 inter
886 2634 1066 2666 uaricosos
1095 2636 1326 2666 centuriones

489 2693 654 2726 continuo
680 2703 837 2726 crassum
863 2693 953 2726 ridet
978 2693 1179 2739 Fulsem'us
1206 2696 1338 2736 ingens

492 2759 526 2786 et
553 2747 881 2786 centumvraecos
907 2758 1005 2786 curto
1033 2758 1195 2786 centusse
1221 2754 1355 2787 licetur.

219 2812 406 2845 Fulfenius
433 2813 561 2855 ingens
588 2823 693 2856 quam
721 2817 884 2845 accurate
911 2813 1127 2856 respondeat
1151 2813 1279 2846 Pontio
1309 2813 1439 2846 Titano
1463 2818 1568 2857 patet.

355 2882 381 2926 ²)
406 2884 462 2915 Ita
477 2883 583 2915 etiam
603 2884 844 2916 Duentzerum
871 2884 938 2916 Die
955 2895 1062 2918 roem.
1082 2884 1250 2917 Satiriker
1261 2895 1295 2927 p.
1314 2891 1356 2926 53
1383 2884 1560 2916 iudicasse
1577 2884 1693 2919 uideo.
