1894 3403
834 290 838 295 '
910 289 982 316 102

341 403 391 442 X.
422 403 524 441 Hor.
558 413 680 440 carm.
711 402 729 438 Ι
761 413 784 451 3
817 414 883 441 uu.
921 402 1026 440 1—8
1072 415 1166 440 cum
1212 402 1406 440 scriberet
1443 401 1685 440 meminerat

206 471 405 522 Meleagri
435 468 741 521 epigrammatis
773 469 823 507 A.
857 468 901 507 P.
934 469 1012 508 XII
1043 479 1108 519 52.

338 538 408 577 XI.
444 539 493 576 In
524 537 644 576 titulo
673 537 880 575 Lesbiaco
916 538 958 575 in
990 537 1139 576 Caueri
1170 538 1335 576 delectu
1380 537 1500 577 inser»
1534 538 1683 576 Graec.

208 616 253 643 12
260 617 285 654 3
317 605 356 642 D
388 614 438 655 37
473 604 621 655 supple
651 603 741 644 τῶν
773 599 1005 652 ἀπογόνων
1033 604 1120 645 τῶν
1153 601 1352 656 [κήν]ων.

337 672 429 712 XII.
460 671 736 711 Uasculorum
766 671 952 721 picturae
983 673 1095 722 apud
1115 672 1301 710 Iahnium
1322 672 1536 710 Archaeol.
1560 672 1684 712 Beitr.

202 742 287 780 tab.
317 740 375 778 VI
405 746 448 778 et
479 741 592 791 apud
622 738 859 777 Welkerum
900 740 949 779 A.
981 739 1033 780 D.
1061 740 1121 778 ΠΙ
1151 740 1234 780 tab.
1265 740 1323 778 XI
1354 741 1410 779 ad
1457 736 1683 791 (Aeschyli)

205 808 431 859 Sphingem
462 808 643 847 fabulam
670 808 890 858 satyricam
920 809 1154 858 pertinent:
1200 809 1298 846 item
1328 821 1472 847 omnes
1502 810 1571 847 ubi
1601 808 1683 848 Oe-

203 878 324 928 dipus
356 877 612 915 exaduersus
635 875 864 927 Sphingem
884 888 971 914 non
988 882 1101 915 stans
1123 877 1199 915 sed
1217 878 1370 915 sedens
1392 877 1583 927 depictus
1605 874 1682 915 est'.

336 944 446 983 XIII.
489 943 660 982 Uasculi
708 944 870 993 pictura
924 945 1037 993 apud
1085 944 1379 981 Benndorfium
1430 944 1592 982 Griech.
1641 957 1681 983 u.

203 1011 311 1050 Sicil.
357 1010 541 1050 Uasenb.
591 1011 671 1049 tab.
705 1021 760 1059 44
808 1010 977 1048 exhibet
1010 1010 1233 1049 Herculem
1268 1011 1376 1049 Ioles
1420 1023 1587 1061 procum
1630 1012 1681 1049 ab

205 1080 358 1129 Euryto
390 1078 499 1116 foras
530 1078 736 1116 eiectum:
768 1077 949 1127 Eurytus
983 1078 1091 1116 enim
1122 1075 1311 1127 δείπνοις
1342 1074 1448 1126 ἡνίκ’
1480 1074 1534 1127 ἦν
1566 1077 1684 1131 ᾠνω-

204 1145 335 1196 μένος
367 1143 545 1196 ἔρριψεν
575 1142 702 1194 ἐκτὸς
737 1142 872 1184 αὐτόν
902 1146 1131 1183 secundum
1162 1144 1286 1195 Soph.
1321 1145 1468 1183 Trach.
1498 1158 1536 1183 u.
1570 1144 1661 1182 268.

336 1213 449 1252 XIV.
483 1213 738 1259 Gladiatoris
770 1212 1040 1263 Borghesiani
1076 1213 1144 1263 qui
1177 1213 1326 1251 dicitur
1354 1212 1500 1263 σχῆμα
1530 1225 1555 1250 a
1584 1212 1682 1251 Nio-

206 1282 280 1320 bes
311 1282 377 1320 filii
415 1282 544 1320 sorori
582 1281 853 1319 succurrentis
895 1282 1120 1319 deductum
1152 1287 1233 1319 est:
1282 1281 1505 1332 archetypo
1541 1287 1679 1319 tamen

206 1350 375 1400 propius
409 1350 585 1395 accedit,
626 1360 749 1400 quam
787 1348 855 1387 illa
885 1354 1022 1386 statua
1052 1348 1119 1386 filii
1148 1347 1303 1386 Niobes
1333 1348 1471 1387 adhuc
1502 1355 1678 1388 seruata.
