1894 3403
464 947 540 996 III.
579 945 675 994 DE
712 938 1160 992 ARGVMENTO
1196 936 1372 986 LIBRI
1405 935 1460 983 II.

357 1087 441 1127 Ine.
477 1098 542 1125 uu.
574 1092 812 1134 993—995.
846 1080 929 1131 986
963 1092 1052 1130 sqq.
1087 1079 1120 1117 L
1152 1089 1217 1127 33.
1249 1087 1317 1125 34.
1348 1075 1415 1115 62.
1448 1072 1498 1111 26
1530 1083 1619 1122 sqq.
1650 1069 1693 1107 M

953 1148 984 1188 I.

338 1221 474 1269 Quam
506 1222 640 1270 lepide
671 1217 807 1267 λέξεις
841 1222 1098 1266 compostae,
1131 1220 1174 1251 ut
1205 1212 1445 1256 tesserulae,
1477 1219 1620 1247 omnes

338 1296 424 1328 arte
454 1289 694 1339 pauimento
727 1292 853 1335 atque
884 1284 1134 1321 emblemate
1162 1274 1455 1320 uermiculato!

940 1351 992 1389 II.

340 1424 532 1462 Crassum
561 1423 696 1460 habeo
728 1432 938 1470 generum,
969 1430 1022 1455 ne
1053 1411 1363 1453 rhetoricotero'
1394 1418 1436 1448 tu
1468 1407 1541 1456 sis!

940 1485 1010 1525 ΙΙΙ.

343 1560 547 1597 Graecum
576 1564 632 1603 te,
665 1557 820 1603 Albuci,
855 1567 978 1604 quam
1008 1554 1246 1590 Romanum
1277 1555 1401 1598 atque
1433 1547 1640 1589 Sabinum,

342 1627 585 1677 municipem
617 1624 751 1663 Ponti.
783 1622 985 1665 Tritanni,
1017 1619 1311 1662 centurionum,

343 1695 646 1744 praeclarorum
678 1691 887 1729 hominum
918 1701 967 1726 ac
990 1689 1223 1738 prImorum,
1256 1683 1574 1734 signiferumque

349 1761 524 1800 maluisti
558 1760 651 1800 dici.
684 1759 845 1797 Graece
876 1768 976 1807 ergo
1005 1761 1172 1805 praetor
1201 1751 1387 1796 Athenis,

346 1830 389 1866 id
422 1830 535 1879 quod
566 1828 760 1872 maluisti,
794 1833 847 1871 te,
880 1838 973 1862 cum
1003 1824 1057 1862 ad
1085 1834 1150 1860 me
1182 1818 1353 1865 accedi'‚
1385 1818 1535 1856 saluto:

344 1897 480 1948 χαῖρε,
518 1898 697 1947 inquam,
731 1895 841 1933 Tite.
904 1893 1102 1936 Lictores,
1136 1896 1266 1928 turma
1299 1883 1422 1925 omni’
1455 1884 1706 1932 cohorsque:

346 1965 483 2015 χαῖρε,
517 1965 624 2004 Tite.
684 1964 792 2001 Hinc
823 1962 953 1999 hostis
986 1961 1040 1997 mi
1072 1957 1276 2001 Albucius,
1305 1955 1398 1992 hinc
1428 1953 1609 1990 inimicus
1631 1949 1673 1998 ¹).

235 2033 426 2071 Editores
443 2032 654 2070 nouissimi
683 2031 791 2068 male
820 2031 861 2066 in
882 2029 1111 2077 fragmento
1133 2026 1263 2075 primo
1284 2033 1460 2073 posuere
1474 2017 1709 2069 pauimenti:

234 2107 346 2138 recte
379 2101 546 2138 codices
577 2098 785 2137 Ciceronis
816 2109 938 2146 quem
971 2099 1159 2132 accurate
1192 2092 1361 2134 Nonius,
1393 2087 1601 2126 socordius
1634 2084 1711 2121 Pli-

234 2168 324 2206 nius
354 2166 628 2217 transscripsit
658 2177 823 2203 uersum
854 2166 1156 2213 expresserunt.
1219 2158 1446 2196 pauimento
1476 2159 1541 2192 est
1570 2153 1610 2190 in
1634 2157 1711 2201 pa—

235 2237 418 2284 uimento,
465 2235 568 2273 sicut
609 2233 825 2272 emblemate
883 2230 1028 2269 Cicero
1072 2230 1160 2278 ipse
1206 2227 1385 2277 positum
1425 2235 1520 2261 esse
1561 2220 1714 2258 indicat

235 2316 309 2353 pro
347 2303 386 2339 z'n
429 2302 647 2340 emblemate
677 2302 786 2340 Brut.
822 2310 919 2349 274:
965 2297 1221 2335 uermz'culato
1269 2295 1324 2331 ad
1369 2297 1584 2339 utrumque
1621 2286 1714 2324 sub-

237 2371 462 2408 stantiuum
508 2371 700 2420 pertinet.
761 2368 879 2406 Conf.
916 2377 1017 2416 1037
1052 2366 1085 2403 L
1129 2363 1269 2401 XXIX
1310 2371 1386 2408 104
1416 2359 1460 2396 M
1504 2358 1567 2394 hic
1608 2361 1714 2392 stare

236 2439 407 2489 papillas
441 2439 613 2476 Pectore
658 2449 887 2475 marmoreo
904 2434 949 2485 ²).
1016 2435 1134 2472 Lucr.
1168 2430 1297 2481 1978
1345 2441 1425 2479 quo
1468 2421 1592 2464 minu'
1635 2434 1715 2472 quo

237 2507 407 2543 missum
439 2511 503 2543 est
533 2506 675 2543 ueniat
704 2505 855 2554 finique
886 2503 992 2540 locet
1022 2514 1079 2541 se.
1117 2510 1233 2538 1022.
1263 2498 1319 2535 III
1345 2506 1421 2543 104
1453 2493 1511 2530 IV
1544 2502 1608 2540 71-
1669 2489 1717 2526 111

239 2574 474 2624 fragmento
506 2575 628 2612 tertio
660 2585 742 2610 una
772 2584 854 2610 uox
885 2577 1013 2608 restat
1041 2568 1319 2607 emendanda.

378 2732 402 2773 ¹)
428 2730 593 2763 Tractaui
611 2729 680 2762 hoc
704 2729 936 2770 fragmentum
952 2727 988 2758 in
1004 2725 1148 2757 libello:
1173 2721 1442 2756 Exercitationis
1468 2719 1718 2761 grammaticae

241 2792 433 2836 specimina
460 2791 555 2823 edid.
583 2788 760 2822 seminarii
787 2786 1050 2831 philologorum
1069 2783 1267 2817 Bonnensis
1295 2780 1437 2814 sodales
1467 2779 1553 2812 1881
1582 2790 1616 2822 p.
1637 2779 1668 2811 6.

374 2848 401 2892 2)
427 2852 505 2883 XII
535 2850 603 2892 368
631 2850 660 2881 L
685 2856 704 2890 3
734 2848 787 2881 M:
827 2846 1008 2878 ‘Firmiter
1047 2844 1115 2876 hoc
1154 2843 1354 2887 pariterque
1391 2845 1451 2873 tuo
1491 2839 1536 2871 sit
1574 2842 1718 2882 pectore

241 2912 345 2944 fixum
354 2910 374 2943 '.
