1894 3403
937 222 989 260 26

220 355 325 388 teste
347 349 450 388 Plut.
480 349 533 385 de
564 353 696 399 tranq.
728 361 794 388 an.
817 358 863 398 15
896 345 1014 400 (mor.
1031 360 1071 398 p.
1088 358 1171 397 474
1191 343 1263 399 B):
1295 345 1358 388 Οὐ
1379 345 1462 398 γὰρ
1482 346 1543 399 ὡς
1564 345 1590 389 ὁ
1614 345 1699 389 Μέ-

218 415 409 468 νανδρός
440 424 575 468 φησιν
1117 450 1119 452 .

330 481 509 524 Ἅπαντι
539 480 701 532 δαίμων
733 479 857 532 ἀνδρὶ
885 482 1240 533 συμπαραστατεῖ

332 549 460 601 εὐθὺς
490 549 723 604 γενομένῳ,
755 548 1041 600 μυσταγωγὸς
1072 551 1150 591 τοῦ
1182 548 1274 601 βίου

331 616 496 668 ἀγαθός

218 684 328 727 ἀλλὰ
378 686 542 736 μᾶλλον
582 683 643 734 ὡς
678 682 970 734 Ἐμπεδοκλῆς
1000 683 1178 726 διτταί
1206 697 1320 736 τινες
1365 683 1551 726 ἕκαστον
1580 682 1700 735 ἡμῶν

216 752 453 804 γενόμενον
482 750 869 804 παραλαμβάνουσι
906 751 976 793 καὶ
1013 751 1301 804 κατάρχονται
1337 754 1480 804 μοῖραι
1514 752 1584 794 καὶ
1613 751 1702 795 δαί-

219 831 370 874 μονες·

329 887 447 931 Ἔνθ’
479 887 594 940 ἦσαν
625 887 783 939 Χθονίη
815 901 861 930 τε
894 888 963 930 καὶ
993 886 1170 940 Ἡλιόπη
1201 890 1432 942 ταναῶπις,

330 957 471 1009 Δῆρίς
502 956 538 999 θ’
572 956 845 1009 αἱματόεσσα
874 957 945 998 καὶ
974 955 1173 1008 Ἁρμονίη
1206 959 1457 1009 θεμερῶπις,

332 1024 553 1068 Καλλιστώ
583 1023 618 1067 τ’
647 1023 811 1076 Αἴσχρη
842 1037 900 1077 τε,
934 1023 1096 1067 Θόωσά
1126 1038 1172 1067 τε
1204 1024 1375 1077 Δηναίη
1405 1038 1465 1078 τε,

333 1093 555 1146 Νημερτής
585 1092 620 1135 τ’
653 1093 845 1145 ἐρόεσσα
876 1092 1178 1145 μελάγκαρπός
1208 1092 1243 1135 τ’
1276 1091 1497 1146 Ἀσάφεια.

217 1163 365 1214 Neque
397 1163 507 1200 enim
536 1175 589 1200 ex
620 1160 834 1200 Censorini
865 1162 1000 1200 uerbis
1046 1158 1263 1201 ‘Euclides
1294 1169 1434 1201 autem
1468 1162 1699 1202 Socraticus

218 1233 423 1282 duplicem
469 1231 658 1269 omnibus
704 1231 871 1268 omnino
929 1231 1048 1268 nobis
1093 1232 1261 1281 genium
1305 1232 1403 1270 dicit
1449 1232 1697 1282 adpositum,

217 1312 341 1350 quam
371 1311 455 1336 rem
487 1299 600 1348 apud
626 1298 826 1336 Lucilium
855 1299 897 1335 in
926 1298 1027 1335 libro
1056 1299 1270 1337 satirarum
1300 1299 1400 1337 XVI
1430 1300 1524 1337 licet
1545 1311 1699 1349 cogno-

217 1380 331 1406 scere
344 1363 368 1411 ’,
405 1378 499 1404 cum
545 1364 794 1403 Censorinus
835 1365 969 1415 ipsum
1001 1365 1200 1403 Lucilium
1245 1366 1314 1403 uix
1358 1367 1516 1416 legerit,
1560 1372 1700 1417 potest

216 1435 351 1483 colligi
382 1434 580 1472 Lucilium
612 1445 665 1471 ex
693 1433 867 1470 Euclide
903 1433 1004 1470 illud
1035 1434 1299 1483 desumptum
1328 1434 1562 1484 protulisse,
1606 1446 1699 1473 cum

215 1503 301 1540 ueri
331 1502 499 1540 similius
530 1502 595 1548 sit,
627 1501 703 1539 hos
734 1500 879 1539 ambos
913 1500 1089 1539 Siculum
1120 1512 1214 1540 esse
1245 1508 1423 1543 secutos,

351 1705 476 1743 Libro
508 1704 606 1742 XIX
637 1716 704 1742 uu.
737 1716 831 1754 493.
864 1715 945 1754 492
979 1704 1013 1742 L
1044 1703 1081 1744 6.
1115 1714 1137 1752 5
1180 1704 1224 1742 M
1253 1705 1359 1743 inter
1389 1716 1435 1743 se
1465 1704 1698 1743 coniunctis

216 1774 322 1810 haec
369 1773 495 1809 oritur
525 1771 756 1809 sententia:

329 1839 666 1878 Peniculamento
698 1850 798 1877 uero
811 1835 842 1888 ¹)
870 1838 1176 1889 reprehendere
1205 1839 1291 1877 noli

328 1906 385 1944 Ut
414 1908 529 1957 pueri
555 1907 734 1944 infantes
766 1906 933 1952 faciunt,
962 1907 1238 1944 mulierculam
1269 1907 1487 1944 honestam

214 1975 347 2013 Recte
378 1974 487 2012 enim
521 1974 665 2012 dicitur
704 1973 981 2023 reprehendere
1018 1974 1186 2023 aliquem
1216 1974 1366 2023 pallio,
1404 1971 1610 2024 λαβέσθαι
1641 1986 1697 2014 τι·

213 2040 292 2091 νὸς
322 2042 400 2081 τοῦ
429 2039 611 2091 ἱματίου,
653 2042 767 2090 quod
798 2041 1007 2078 faciebant
1036 2042 1104 2091 qui
1138 2042 1179 2078 in
1209 2042 1353 2079 itinere
1385 2042 1698 2091 progredientes

213 2110 390 2147 retinere
420 2109 617 2147 uolebant
645 2108 909 2159 colloquendi
938 2108 1004 2146 uel
1035 2109 1188 2160 aliquid
1217 2109 1387 2160 petendi
1408 2120 1555 2148 causa:
1588 2108 1694 2149 conf.

214 2177 310 2215 Brix
340 2178 395 2215 ad
426 2176 559 2214 Plauti
588 2176 671 2215 Mil.
702 2177 721 2214 Ι
751 2180 788 2222 1,
807 2187 859 2224 55
892 2177 1032 2216 Stallb.
1065 2178 1121 2215 ad
1153 2177 1253 2216 Plat.
1272 2189 1357 2227 rep.
1388 2177 1407 2215 1
1436 2190 1476 2227 p.
1499 2186 1580 2226 327
1603 2177 1648 2216 B.
1664 2172 1698 2226 2)

214 2244 341 2293 Quod
375 2256 466 2283 cum
496 2245 690 2283 usitatum
721 2251 763 2283 et
794 2244 1037 2295 permissum
1067 2244 1184 2282 fuerit
1214 2245 1321 2283 inter
1343 2245 1467 2291 uiros,
1498 2236 1695 2283 rus'ticum

213 2320 340 2364 atque
370 2313 553 2351 insolens
600 2319 690 2351 erat
728 2314 815 2352 sine
853 2313 982 2351 dubio
1020 2314 1053 2351 si
1093 2314 1181 2363 quis
1225 2314 1436 2352 mulierem
1479 2314 1696 2352 honestam

350 2514 375 2557 ¹)
402 2525 490 2546 uere
515 2514 631 2552 codd„
657 2524 743 2547 corr.
770 2515 902 2547 Dousa.

349 2573 376 2618 ²)
404 2574 462 2607 Sic
488 2574 581 2618 apud
608 2574 713 2608 Horn.
742 2573 764 2609 Γ
782 2572 849 2616 385
872 2574 996 2607 Uenus
1023 2573 1200 2606 Helenam
1226 2573 1435 2607 adlocutura
1458 2575 1552 2619 χειρὶ
1577 2574 1618 2609 δὲ
1638 2584 1696 2609 νε-

211 2635 372 2678 κταρέου
411 2635 524 2669 ἑανοῦ
564 2633 705 2669 ἐτίναξε
742 2635 919 2676 λαβοῦσα.
970 2634 1022 2666 At
1059 2634 1199 2677 Tityum
1237 2634 1360 2666 rudem
1387 2634 1544 2677 depingit
1568 2635 1693 2677 Apoll.

210 2694 334 2726 Rhod.
361 2695 379 2726 I
405 2694 475 2736 760
502 2692 664 2737 ἐρύοντα
690 2693 907 2737 καλύπτρης
934 2720 941 2727 .
970 2721 977 2727 .
1004 2720 1011 2727 .
1039 2692 1258 2737 θαρσαλέως
1291 2693 1459 2727 Latonae.
1485 2694 1578 2727 Mus.
1606 2694 1692 2728 Her.

211 2759 246 2786 et
270 2753 404 2786 Leand.
448 2753 514 2786 118
553 2752 781 2797 Θαρσαλέως
820 2752 972 2798 παλάμῃ
1012 2751 1291 2787 πολυδαίδαλον
1333 2752 1415 2788 ἕλκε
1455 2754 1599 2796 χιτῶνα
1627 2761 1691 2795 123

210 2813 330 2856 Ξεῖνε,
357 2811 394 2847 τί
422 2811 651 2856 μαργαίνεις;
677 2812 714 2847 τί
740 2822 795 2856 με,
820 2812 996 2856 δύσμορε,
1022 2812 1214 2856 παρθένον
1238 2812 1371 2855 ἕλκεις;
1402 2812 1544 2856 Ἄλλην
1575 2812 1688 2857 δεῦρο

209 2872 404 2907 κέλευθον·
430 2872 522 2916 ἐμὸν
547 2871 581 2907 δ’
608 2871 789 2907 ἀπόλειπε
815 2874 967 2915 χιτῶνα.
