1894 3403
452 740 506 786 ΙΙ.
545 741 644 789 DE
683 741 1129 790 ARGVMENTO
1166 742 1341 790 LIBRI
1380 744 1413 791 I.

334 889 547 927 Tractauit
578 890 719 928 Lucilii
748 892 890 929 librum
919 891 937 928 Ι
968 892 1211 930 Bouterwek
1241 893 1283 930 in
1312 893 1417 931 Mus.
1439 893 1572 932 Rhen.
1585 893 1684 930 XXI

195 967 234 1005 p.
268 967 363 1005 339,
413 968 538 1007 quem
585 959 638 996 de
686 960 837 997 eodem
875 960 1149 1010 disputaturus
1198 961 1391 1010 equidem
1442 960 1556 1010 sequi
1599 973 1683 998 non

198 1035 380 1074 possum.
487 1013 489 1015 ‚

332 1092 411 1133 Uu.
450 1105 492 1132 11
530 1095 564 1133 L
595 1106 619 1145 9
651 1096 695 1134 Μ
729 1108 817 1146 sqq.
852 1097 1019 1135 seruatis
1050 1109 1114 1147 ap.
1147 1097 1263 1136 Lact.
1301 1097 1426 1138 instit.
1457 1097 1515 1135 IV
1544 1107 1583 1146 3,
1621 1108 1682 1142 12,

194 1160 264 1197 ubi
294 1161 348 1197 de
368 1166 488 1209 pater
516 1164 683 1201 nomine
717 1165 779 1201 dis
811 1164 998 1202 omnibus
1015 1165 1228 1215 «imposito
1260 1166 1406 1215 agitur,
1446 1165 1684 1215 particulam

195 1227 395 1265 contineri
423 1230 620 1268 orationis
649 1231 691 1268 in
720 1232 892 1269 deorum
921 1232 1093 1270 concilio
1124 1232 1287 1270 habitae
1317 1232 1482 1282 planum
1513 1238 1589 1275 est,
1625 1232 1706 1269 in-*

197 1300 351 1332 certum
381 1302 532 1342 tamen,
565 1310 786 1347 quemnam
803 1299 952 1337 talibus
983 1300 1117 1338 uerbis
1148 1301 1259 1350 apud
1278 1300 1527 1338 immortales
1557 1305 1684 1350 poeta
1714 1343 1725 1358 δ

194 1363 396 1403 induxerit
431 1366 761 1405 contionantem:

1318 1441 1362 1473 ut

307 1511 430 1538 nemo
462 1501 514 1539 sit
543 1507 740 1553 nostrum,
773 1502 867 1552 quin
899 1508 970 1541 aut
997 1508 1117 1553 pater
1146 1502 1316 1553 optimu'
1348 1503 1486 1542 diuum

308 1573 380 1606 aut
410 1565 617 1619 Neptunu'
649 1575 779 1619 pater,
810 1570 946 1614 Liber,
979 1566 1166 1609 Saturnu’
1198 1576 1328 1621 pater,
1359 1571 1482 1618 Mars,

305 1631 420 1674 Ianu'
452 1636 634 1685 Quirinu'
657 1642 777 1687 pater
805 1639 878 1676 siet
905 1651 951 1676 ac
982 1639 1139 1676 dicatur
1165 1640 1219 1677 ad
1250 1652 1385 1679 unum.

193 1703 311 1740 Haec
342 1704 470 1741 uerba
499 1705 567 1755 qui
608 1705 796 1756 loquitur,
836 1706 932 1755 agit,
973 1711 1018 1743 ut
1048 1711 1233 1756 apparet,
1273 1707 1327 1744 de
1357 1707 1679 1757 cognominibus,

194 1784 299 1822 quae
329 1772 390 1810 dis
422 1773 559 1811 solent
589 1773 733 1811 indere
763 1774 969 1814 homines:
1016 1776 1154 1825 itaque
1198 1787 1289 1813 cum
1327 1775 1407 1814 hoc
1449 1775 1680 1825 fragmento

193 1840 316 1878 artius
347 1852 470 1890 quam
501 1841 639 1879 adhuc
669 1841 823 1880 factum
851 1848 914 1880 est
945 1843 1138 1892 coniungi
1159 1848 1322 1893 oportet
1352 1856 1416 1888 ea,
1447 1856 1554 1894 quae
1570 1844 1681 1893 apud

193 1907 304 1945 Seru.
336 1909 392 1945 ad
421 1908 526 1948 Aen.
557 1909 615 1946 111
653 1920 729 1958 119
761 1910 949 1960 leguntur
979 1907 1035 1960 (u.
1074 1920 1120 1959 15
1153 1911 1187 1948 L
1216 1911 1296 1948 XII
1322 1908 1380 1961 M)
1674 1953 1677 1956 ,

306 1975 473 2025 quidam
510 1976 677 2026 pulcher
718 1977 931 2027 epitheton
961 1978 1136 2028 Apollini
1176 1979 1317 2016 datum
1354 1978 1679 2028 reprehendunt;

305 2043 493 2093 pulchros
526 2045 636 2082 enim
662 2057 687 2082 a
716 2046 924 2083 ueteribus
943 2047 1132 2084 exoletos
1165 2046 1310 2086 dictos.
1373 2046 1479 2085 Nam
1501 2052 1542 2084 et
1569 2048 1680 2097 apud

306 2112 501 2150 Lucilium
532 2113 681 2162 Apollo
702 2114 871 2162 pulcher
903 2114 983 2151 dici
1008 2126 1092 2152 non
1126 2114 1223 2154 uult.

193 2177 402 2224 Quoniam
433 2186 572 2219 autem
587 2182 715 2219 multo
746 2182 1002 2220 uerisimilius
1032 2188 1097 2220 est
1128 2195 1251 2220 unum
1283 2195 1335 2220 ex
1365 2183 1426 2220 dis
1448 2183 1490 2219 in
1510 2182 1680 2219 transitu

192 2239 356 2284 dehac
385 2260 426 2284 re
456 2260 580 2297 agere
612 2261 737 2299 quam
766 2249 903 2300 plures
925 2270 979 2275 —
1009 2250 1105 2287 nihil
1142 2250 1251 2287 enim
1276 2249 1357 2287 hoc
1389 2249 1444 2286 ad
1473 2249 1678 2286 interitum

187 2314 307 2365 Lupi,
340 2316 482 2365 quibus
520 2317 696 2356 maxime
737 2318 1052 2369 cognominibus
1096 2318 1137 2356 di
1183 2318 1472 2368 praedicentur
1500 2337 1553 2343 ——
1589 2317 1678 2355 illos

191 2394 354 2433 quoque
386 2396 526 2422 uersus
566 2392 648 2423 tres
680 2386 817 2423 eidem
849 2387 1025 2424 tribuere
1057 2386 1194 2424 licebit
1224 2386 1415 2435 Apollini,
1455 2397 1506 2423 eo
1548 2386 1677 2436 magis

190 2451 303 2500 quod
332 2451 458 2500 ipsius
489 2464 641 2490 nomen
670 2453 711 2490 in
748 2453 824 2491 illis
856 2466 942 2491 non
972 2453 1186 2493 inuenitur.
1245 2452 1391 2503 Neque
1429 2465 1528 2491 uero
1567 2459 1678 2491 recte

191 2530 286 2555 mea
332 2519 499 2570 quidem
530 2522 735 2559 sententia
766 2522 864 2559 dicit
895 2522 1138 2560 Lactantius
1169 2531 1500 2572 unumquemque
1531 2534 1556 2559 a
1585 2534 1677 2571 pre-

191 2586 376 2624 cantibus
406 2593 565 2637 patrem
595 2589 774 2627 inuocari
801 2591 986 2635 deorum,
1024 2590 1186 2629 etiamsi
1217 2589 1377 2628 Seruius
1415 2590 1476 2628 bis
1496 2585 1528 2641 ¹)
1566 2590 1677 2628 idem

191 2655 376 2693 tradidit:
410 2661 518 2693 certe
548 2668 683 2707 neque
715 2658 948 2707 Apollinem
978 2669 1114 2708 neque
1144 2657 1389 2695 Mercurium
1419 2658 1476 2696 ita
1506 2657 1585 2696 dici
1611 2670 1677 2696 us-

308 2796 353 2843 ¹¹)
382 2797 482 2830 Seru.
509 2797 554 2829 ad
579 2800 671 2830 Aen.
698 2799 716 2830 I
747 2805 811 2841 155
848 2798 960 2832 ‘Sane
993 2803 1131 2832 ueteres
1165 2809 1288 2832 omnes
1315 2800 1403 2832 deos
1429 2805 1549 2843 patres
1583 2800 1676 2833 dice-

189 2856 295 2888 bant’
321 2857 366 2889 ad
395 2858 526 2899 Georg.
553 2860 589 2890 II
615 2869 647 2901 4.
674 2858 796 2891 ‘Pater
822 2859 907 2892 licet
933 2860 1101 2901 generale
1127 2860 1173 2892 sit
1196 2859 1350 2892 omnium
1373 2860 1533 2904 deorum,
1559 2864 1676 2892 tamen

188 2916 332 2960 proprie
358 2917 491 2950 Libero
519 2928 659 2962 semper
685 2919 873 2952 cohaeret:
901 2930 980 2952 nam
1005 2919 1115 2952 Liber
1140 2924 1240 2964 pater
1265 2923 1413 2952 uocatur
1423 2919 1442 2952 ³.
