1894 3403
913 197 963 245 87

213 316 392 355 Lucilius
428 329 594 356 suorum
632 318 750 355 unius
792 322 827 355 et
860 318 1010 368 uiginti
1037 318 1226 355 librorum
1257 316 1414 353 initium
1446 315 1540 353 fecit
1571 312 1684 352 hoc’.

215 382 283 431 (U.
321 396 334 421 1
361 385 394 422 L
416 385 435 422 Ι
462 397 474 422 1
501 384 575 435 M)
635 386 717 423 Ubi
747 387 961 436 quominus
994 387 1163 435 quinque
1193 389 1228 422 et
1255 384 1408 434 uzgz'nti
1433 396 1523 421 cum
1552 382 1683 421 Lach-

212 464 365 491 manno
396 454 616 505 corrigatur
645 454 816 504 impedit
846 454 912 492 uel
939 455 981 492 id
1019 454 1132 505 quod
1171 465 1264 491 cum
1294 452 1381 490 libri
1410 451 1508 489 XXI
1538 462 1681 488 omnes

212 522 431 572 conscripti
475 523 554 560 sint
600 523 766 561 heroico
810 529 940 561 metro
985 523 1085 560 libro
1133 522 1250 560 XXII
1294 520 1513 559 manifesto
1565 525 1682 557 erant

211 601 352 628 uersus
386 591 566 640 elegiaco
596 598 726 629 metro
757 592 996 641 compositi:
1026 592 1165 641 itaque
1196 591 1261 628 uel
1287 595 1419 628 metro
1442 589 1543 626 liber
1563 588 1680 626 XXII

211 664 253 696 et
300 665 520 709 sequentes
569 673 593 698 a
627 660 828 710 prioribus
874 666 1151 700 secernuntur.
1214 658 1381 697 Saturas
1425 664 1565 695 autem
1611 656 1680 707 qui

209 732 356 776 postea
388 728 584 777 scripsere
606 728 807 766 Lucilium
836 729 1042 766 imitantes
1073 728 1240 765 heroico
1272 733 1432 765 tantum
1463 738 1585 764 uersu
1615 726 1677 763 usi

210 800 317 840 sunt,
348 807 429 845 quo
460 796 584 834 etiam
606 796 755 834 vLucilii
785 802 942 834 saturas
973 808 1064 834 esse
1088 796 1337 846 compositas
1361 796 1470 833 Acro
1501 796 1556 832 ad
1575 794 1676 832 Hor.

210 868 284 900 sat.
316 863 336 899 Ι
366 874 404 910 4,
439 873 459 911 7
483 860 511 913 ¹)
556 869 596 901 et
625 864 767 901 Ioann.
801 864 903 913 Lyd.
947 866 1000 903 de
1040 877 1147 914 mag.
1180 865 1197 901 1
1226 874 1274 912 41
1320 864 1499 902 scribunt
1536 870 1676 901 cetera

209 935 336 967 metra
367 931 512 980 quibus
542 943 637 969 usus
669 937 732 969 est
759 937 885 981 poeta
913 945 998 969 non
1030 938 1233 970 curantes.
1294 931 1438 980 Neque
1468 943 1567 968 uero
1599 930 1674 967 tria

207 997 310 1035 haec
339 999 544 1036 uolumina
587 1000 816 1037 secundum
846 1005 1075 1049 temporum
1106 1001 1306 1038 rati0nem
1336 999 1540 1049 disposita
1567 1004 1674 1043 sunt,

209 1067 285 1102 sed
313 1071 357 1103 ut
387 1066 679 1104 Lachmannus
721 1073 830 1105 recte
867 1068 1006 1116 posuit
1042 1068 1127 1105 libri
1164 1068 1262 1105 inde
1293 1079 1317 1104 a
1348 1066 1488 1104 XXVI
1518 1068 1673 1116 priores

206 1139 391 1184 tempore
433 1140 528 1172 sunt
575 1136 928 1174 antecedentibus.
1009 1136 1305 1185 Argumentum
1351 1135 1517 1185 quidem
1560 1134 1671 1178 illud,

207 1203 322 1251 quod
342 1202 515 1240 Mueller
538 1204 635 1242 edit.
670 1216 707 1253 p.
730 1204 788 1241 IX
819 1205 935 1242 affert
964 1205 1058 1242 mihi
1079 1205 1245 1242 dubium
1265 1204 1427 1242 uidetur
1456 1209 1499 1240 et
1528 1215 1672 1253 parum

209 1276 377 1308 certum.

341 1339 463 1376 Liber
491 1340 508 1376 I
538 1345 581 1378 ut
624 1352 746 1390 supra
774 1341 948 1378 uidimus
978 1347 1073 1390 post
1104 1340 1329 1379 Carneadis
1367 1345 1539 1378 mortem
1565 1338 1602 1382 h.
1632 1351 1668 1378 e.

205 1412 302 1456 post
343 1419 494 1444 annum
538 1407 722 1457 625s129
764 1408 830 1445 uel
872 1408 1055 1456 626s128
1100 1409 1349 1458 compositus
1396 1413 1469 1447 est.
1546 1407 1670 1458 Atqui

204 1473 399 1512 Horatius
432 1480 507 1512 sat.
539 1475 579 1512 ΙΙ
614 1486 646 1520 1,
678 1474 730 1524 63
748 1488 835 1526 sqq.
869 1476 965 1513 dicit

575 1541 712 1592 Quid?
741 1543 844 1582 Cum
875 1550 938 1583 est
970 1544 1145 1582 Lucilius
1173 1556 1297 1582 ausus

319 1612 468 1660 primus
500 1612 541 1649 in
571 1612 677 1650 hunc
707 1613 840 1662 operis
872 1625 1120 1662 componere
1152 1613 1330 1650 carmina
1360 1624 1514 1649 morem
1531 1642 1539 1650 .
1559 1642 1568 1650 .
1587 1641 1596 1650 .

745 1712 751 1719 .
776 1711 783 1720 .
806 1711 814 1719 .
837 1693 933 1718 num
963 1680 1127 1718 Laelius
1157 1685 1200 1717 et
1230 1680 1298 1729 qui

314 1748 428 1785 duxit
458 1749 509 1785 ab
540 1760 736 1797 oppressa
766 1749 952 1786 meritum
984 1747 1230 1798 Carthagine
1261 1759 1412 1785 nomen

312 1815 475 1865 ingenio
507 1815 651 1852 offensi
681 1821 751 1852 aut
782 1815 893 1852 laeso
926 1816 1095 1853 doluere
1127 1815 1295 1852 Metello

313 1882 582 1932 Famosisque
611 1882 729 1932 Lupo
760 1887 958 1932 cooperto
989 1879 1200 1920 uersibus?
1232 1895 1268 1920 e.
1304 1894 1341 1932 q.
1376 1894 1407 1919 S.

200 1949 452 1987 Aemilianus
483 1955 619 1987 autem
650 1950 749 1987 obiit
771 1952 920 1988 eodem
949 1961 1057 1987 anno
1090 1961 1170 1999 quo
1192 1948 1429 1987 Carneades
1452 1948 1663 1985 Tuditano

200 2023 241 2054 et
272 2017 447 2067 Aquillio
485 2030 589 2055 coss.
634 2015 736 2068 (Cic.
771 2020 825 2056 de
853 2024 936 2056 nat.
969 2019 1082 2056 deor.
1110 2017 1150 2054 II
1185 2014 1251 2064 14)
1283 2029 1361 2054 nec
1394 2016 1522 2054 multo
1567 2021 1663 2065 post

200 2084 363 2122 Laelius
410 2082 533 2131 (conf.
576 2085 748 2135 interpp.
792 2087 846 2122 ad
877 2084 961 2122 Cic.
994 2085 1105 2122 Lael.
1144 2084 1255 2131 104):
1293 2096 1391 2132 ergo
1422 2084 1489 2133 qui
1520 2083 1663 2120 Lucilii

198 2158 357 2191 saturas
387 2159 560 2202 potuere
590 2154 762 2203 probare
789 2153 829 2190 hi
859 2153 943 2201 uiri,
985 2153 1019 2190 si
1058 2153 1138 2190 iam
1179 2157 1274 2189 ante
1305 2151 1476 2201 primam
1507 2150 1661 2188 editam

199 2217 444 2257 decessere?
476 2219 704 2266 Quominus
725 2220 938 2257 Horatium
970 2220 1083 2256 dicas
1112 2231 1245 2256 errare
1264 2215 1298 2268 2)
1330 2218 1555 2267 prohiberis
1578 2230 1661 2254 non

197 2294 356 2326 tanturn
385 2288 510 2338 ipsius
541 2289 687 2338 insigni
723 2288 906 2326 doctrina
938 2289 1014 2325 sed
1043 2288 1166 2325 etiam
1196 2287 1257 2325 his
1287 2285 1370 2326 Cic.
1402 2288 1456 2324 de
1487 2285 1553 2324 fin.
1576 2286 1593 2322 Ι
1617 2294 1658 2334 7:

193 2351 303 2393 ‘Nec
332 2368 432 2393 uero
467 2361 511 2393 ut
539 2361 680 2393 noster
705 2355 882 2392 Lucilius
913 2355 1111 2393 recusabo
1144 2355 1358 2404 quominus
1390 2366 1535 2391 omnes
1566 2366 1659 2391 mea

333 2540 358 2584 ¹)
383 2543 479 2573 Acro
505 2541 529 2573 1.
554 2540 594 2573 1.:
628 2540 705 2572 ‘Illi
732 2540 824 2572 enim
841 2540 1001 2573 iambicis
1027 2541 1083 2572 usi
1106 2540 1142 2572 in
1169 2539 1289 2583 [codd.
1309 2539 1425 2584 quasi]
1452 2532 1661 2585 comoediis,

194 2600 350 2633 Lucilius
389 2599 562 2633 heroicis?
602 2599 887 2640 Intellegendum
924 2604 978 2631 est
1011 2601 1166 2641 pedibus
1203 2602 1448 2643 numerisque,
1487 2601 1531 2632 ad
1568 2612 1659 2644 quae

193 2660 303 2693 uerba
328 2660 467 2693 Horatii
493 2659 656 2692 scholion
683 2659 894 2703 adscriptum
921 2664 984 2692 est.
1029 2659 1131 2693 Conf.
1150 2660 1322 2703 Porphyr.
1345 2666 1380 2693 et
1405 2665 1660 2694 commentator

195 2720 262 2752 Cru
290 2746 297 2753 .
318 2730 347 2751 a.
373 2719 407 2753 h.
434 2720 459 2753 1.

264 2731 286 2762 q
328 2778 355 2823 2)
379 2779 516 2812 Teuffel
550 2779 677 2813 Gesch.
711 2780 744 2813 d.
778 2790 884 2813 roem.
917 2780 988 2814 Lit.
1009 2779 1021 2799 ³
1053 2788 1132 2824 143,
1159 2788 1178 2824 3
1216 2780 1403 2813 Horatium
1438 2784 1538 2825 putat
1572 2780 1661 2814 haec

191 2840 438 2881 neglegentius
462 2840 618 2872 locutum
636 2851 726 2875 esse.
