1894 3403
575 1019 656 1067 VI.
699 1018 942 1068 CHRON
950 1018 1277 1068 OLOGICA.

324 1174 579 1225 Temporum
625 1175 828 1213 rationem
866 1175 1013 1225 quibus
1043 1175 1219 1213 Lucilius
1253 1176 1398 1223 saturis
1441 1175 1666 1213 scribendis

188 1254 355 1292 operam
388 1244 563 1280 dederit.
610 1255 698 1280 cum
731 1244 771 1280 in
815 1244 874 1281 eis
908 1255 1012 1293 quac
1044 1249 1167 1281 antea
1198 1245 1371 1294 exposui
1401 1256 1512 1282 noua
1543 1256 1663 1293 argu-

188 1315 329 1348 menta
360 1311 544 1348 attulisse
575 1310 672 1348 mihi
701 1311 856 1356 uidear,
904 1311 1041 1360 paullo
1079 1312 1307 1349 accuratius
1338 1324 1461 1362 quam
1492 1312 1662 1349 Bouter-

192 1377 281 1415 wek
312 1379 365 1415 de
397 1378 523 1417 Lucil.
556 1384 633 1417 sat.
665 1391 704 1428 p.
738 1378 761 1415 8
792 1379 923 1427 Iltgen
955 1379 1259 1417 Lucilianorum
1288 1392 1326 1429 p.
1364 1390 1429 1425 22,
1476 1380 1544 1430 qui
1580 1392 1663 1417 rem

193 1458 217 1483 a
247 1445 517 1483 Lachmanno
560 1446 668 1483 bene
705 1445 941 1483 inchoatam
972 1446 1095 1495 plane
1126 1447 1333 1496 peruertit,
1364 1446 1537 1484 Mueller
1566 1447 1665 1484 edit.

192 1524 230 1562 p.
265 1512 303 1549 X
334 1518 375 1549 et
406 1525 445 1562 p.
480 1523 557 1563 297
591 1513 775 1551 conabor
805 1514 1020 1563 explicare.

324 1581 499 1620 Lucilius
548 1587 667 1620 natus
715 1582 872 1620 circiter
915 1593 1024 1620 anno
1073 1578 1277 1631 574l180‚
1323 1586 1509 1619 mortuus
1554 1593 1664 1619 anno

191 1648 267 1697 651
276 1648 293 1697 s
302 1660 377 1698 103
401 1644 596 1700 (Mueller
617 1651 717 1688 edit.
741 1663 780 1700 p.
801 1650 898 1699 289)
928 1650 1090 1700 reliquit
1120 1655 1348 1687 saturarum
1380 1650 1501 1687 libros
1532 1649 1664 1697 XXX,

191 1728 297 1767 quos
329 1716 370 1754 in
399 1717 474 1754 tria
496 1717 705 1755 uolumina
727 1717 965 1767 dispertitos
997 1729 1091 1755 esse
1123 1722 1268 1755 contra
1291 1717 1470 1754 editores
1492 1716 1666 1754 nouissi-

188 1795 279 1821 mos
302 1790 452 1829 statuo,
472 1785 782 1823 Lachmannum
803 1791 843 1822 et
869 1786 909 1822 in
933 1785 1011 1823 hac
1031 1786 1199 1834 quidem
1229 1797 1272 1822 re
1303 1785 1389 1822 eius
1421 1789 1666 1822 sectatorem

188 1851 445 1896 Muellerum,
478 1852 547 1901 qui
569 1853 652 1889 duo
676 1852 884 1890 uolumina
906 1853 1132 1902 antiquitus
1164 1852 1290 1889 fuisse
1322 1857 1497 1890 sumant.
1529 1852 1666 1900 Atque

188 1924 299 1956 recte
334 1919 503 1968 quidem
535 1919 775 1957 Lachmann
807 1920 947 1968 statuit
984 1920 1068 1967 (Kl.
1101 1919 1210 1958 Schr.
1242 1919 1280 1956 II
1310 1931 1349 1968 p.
1382 1915 1453 1969 62)
1489 1918 1666 1972 Nonium

189 1987 352 2023 duobus
390 1986 659 2024 uoluminibus
697 1998 789 2024 esse
822 1999 952 2031 usum,
999 1998 1173 2036 quorum
1204 1986 1374 2023 alterum
1405 1986 1527 2023 libros
1549 1985 1667 2022 XXV

188 2054 285 2091 inde
309 2067 333 2091 a
354 2054 485 2103 primo
507 2054 787 2103 complectens
809 2053 981 2091 adhibet
1004 2066 1096 2091 cum
1118 2054 1217 2091 dicit
1240 2053 1426 2091 Lucilius
1444 2057 1667 2101 satyrarum

189 2120 309 2165 libro,
341 2121 471 2158 altero
512 2121 632 2158 libros
675 2133 819 2157 omnes
853 2121 971 2157 XXX
1014 2122 1253 2157 continente
1290 2121 1414 2157 utitur
1451 2133 1543 2158 cum
1574 2121 1667 2157 sim-

188 2188 347 2237 pliciter
381 2188 517 2225 scribit
551 2187 736 2225 Lucilius
767 2187 871 2225 libro
903 2185 1091 2238 (Mueller
1122 2188 1218 2227 edit.
1249 2200 1288 2238 p.
1311 2185 1477 2238 XVIII).
1509 2187 1667 2226 Tamen

189 2254 292 2291 sicut
324 2255 518 2291 uolumen
549 2256 752 2304 posterius
781 2256 927 2292 Lucilii
958 2268 1042 2292 non
1075 2268 1126 2291 ex
1159 2255 1195 2291 V
1226 2256 1335 2292 libris
1364 2255 1666 2292 continentibus

189 2328 353 2359 constat
401 2324 477 2360 sed
521 2323 666 2360 librum
709 2323 827 2360 XXX
875 2320 1133 2373 μονόβιβλον
1178 2334 1274 2360 esse
1318 2322 1432 2360 multi
1477 2322 1668 2374 dixerunt

189 2396 301 2427 recte
335 2387 625 2438 (Schoenbeck
653 2392 767 2440 apud
798 2390 1022 2440 Corpetum
1053 2391 1149 2429 edit.
1180 2403 1220 2440 p.
1258 2400 1332 2440 197
1365 2390 1537 2427 Mueller
1567 2390 1665 2427 edit.

189 2469 228 2506 p.
261 2456 354 2504 IX),
396 2458 453 2495 ita
483 2458 605 2495 Nonii
646 2459 841 2496 uolumen
888 2459 996 2508 prius
1044 2459 1166 2496 libros
1206 2457 1402 2495 I-—XXV
1450 2458 1666 2495 continens

190 2526 462 2564 diuidendum
478 2533 541 2564 est
558 2527 597 2564 in
614 2528 696 2565 duo
714 2527 921 2565 uolumina
938 2539 1109 2577 quorum
1127 2527 1300 2564 alterum
1317 2532 1475 2564 saturas
1491 2525 1667 2563 I—XXI

189 2594 483 2643 complectitur.
545 2593 672 2642 Quod
702 2596 898 2633 uolumen
928 2596 1108 2645 inprimis
1150 2595 1412 2633 lectitabatur
1442 2606 1575 2644 eoque
1609 2599 1667 2631 ut-

189 2662 367 2700 ebantur
397 2662 485 2700 solo
515 2664 767 2712 grammatici
799 2663 882 2700 fere
914 2675 1058 2700 omnes
1090 2669 1255 2713 praeter
1283 2662 1463 2700 Nonium
1493 2663 1536 2699 in
1568 2662 1667 2699 locis

188 2730 406 2768 Lucilianis
448 2730 680 2769 afferendis.
753 2731 912 2769 Gellius
945 2730 1140 2769 Uarronis
1171 2730 1415 2780 compilator
1444 2730 1522 2768 hoc
1554 2731 1664 2769 uolu-

189 2798 298 2835 mine
328 2809 427 2836 usus
459 2804 535 2843 est,
570 2798 711 2836 laudat
742 2799 864 2836 libros
889 2799 1043 2836 I—-XX
1077 2804 1240 2836 tantum
1273 2795 1361 2848 (cur
1391 2810 1413 2835 e
1444 2799 1545 2836 libro
1568 2798 1667 2836 XXI

190 2867 358 2903 omnino
403 2866 501 2904 nihil
546 2873 755 2905 seruatum
805 2868 856 2905 sit
900 2880 984 2905 non
1022 2864 1172 2918 liquet)
1210 2873 1253 2904 et
1282 2866 1413 2905 Uarro
1452 2868 1540 2917 ipse
1579 2867 1665 2905 sine

190 2934 317 2973 dubio
347 2934 458 2972 idem
486 2934 565 2972 hoc
593 2935 691 2973 dicit
718 2936 758 2975 d.
781 2935 804 2974 l.
829 2935 874 2975 L.
904 2934 940 2971 V
970 2945 1015 2985 17
1050 2932 1103 2973 ‘A
1133 2947 1214 2986 qua
1244 2935 1436 2985 bipartita
1465 2934 1667 2972 diuisione
