1894 3403
916 224 964 262 23

202 336 462 375 inueniuntur
496 339 607 388 apud
644 337 776 376 Strab.
808 337 827 375 I
856 350 895 388 p.
922 347 973 386 29
1003 337 1145 376 similia
1188 337 1310 376 haec:
1364 333 1458 376 Εἰσὶ
1488 335 1535 376 δέ
1566 348 1679 385 τινες

202 402 247 445 οἵ
275 412 413 454 φασιν
450 402 558 446 εἶναι
600 403 678 446 δύο
719 403 822 454 τοὺς
859 401 1150 455 κυριωτάτους
1190 401 1376 454 ἀνέμους
1416 402 1574 454 βορέαν
1610 402 1679 445 καὶ

203 469 345 522 νότον,
375 470 478 523 τοὺς
509 471 558 513 δὲ
588 469 750 522 ἄλλους
786 470 895 512 κατὰ
930 470 1081 522 μικρὰν
1119 469 1308 519 ἔγκλισιν
1339 470 1572 521 διαφέρειν,
1603 470 1679 511 τὸν

202 539 278 591 μὲν
308 536 395 581 ἀπὸ
426 541 605 592 θερινῶν
636 533 860 581 ἀνατολῶν
890 538 1030 591 εὗρον,
1061 539 1308 590 χειμερινῶν
1338 538 1386 580 δὲ.
1416 536 1677 589 ἀπηλιώτην,

200 605 370 648 δύσεων
408 607 456 649 δὲ
496 608 674 659 θερινῶν
713 606 790 658 μέν
819 607 1017 659 ζέφυρον,
1065 608 1313 657 χειμερινῶν
1353 607 1401 648 δὲ
1446 605 1676 657 ἀργέστην.

199 672 286 716 Τοῦ
315 674 363 717 δὲ
383 674 461 717 δύο
491 673 722 726 εἶναιτοὺς
750 672 936 726 ἀνέμους
964 675 1190 716 ποιοῦνται
1219 673 1436 726 μάρτυρας
1453 672 1678 725 Θρασυάλ-

199 754 279 792 κην
291 741 323 793 1)
358 755 404 784 τε
443 743 512 784 καὶ
546 743 623 784 τὸν
667 743 849 793 ποιητὴν
879 742 1012 783 αὐτὸν
1041 745 1102 796 τῷ
1141 741 1218 782 τὸν
1257 742 1331 792 μὲν
1362 740 1578 793 ἀργέστην
1616 744 1675 796 τῷ

171 818 173 820 “
198 808 311 865 νότῳ
337 810 598 863 προσνέμειν
627 808 868 862 <ἀργεστᾶο
902 808 1058 851 Νότοιο
1074 807 1096 861 ’,
1125 809 1200 851 τὸν
1223 809 1270 851 δὲ
1301 809 1487 861 ζέφυρον
1515 812 1575 864 τῷ
1607 811 1676 861 βο-

199 877 277 931 ρέᾳ
306 876 480 930 “βορέης
510 878 580 920 καὶ
609 879 809 930 Ζέφυρος,
839 878 900 919 τώ
929 892 975 919 τε
1004 878 1229 932 Θρῄκηθεν
1259 876 1421 928 ἄητον’.
1481 877 1595 928 Φησὶ
1628 877 1676 919 δὲ

197 943 493 997 Ποσειδώνιος
524 945 686 997 μηδένα
717 944 857 997 οὕτως
884 945 1238 997 παραδεδωκέναι
1259 945 1361 995 τοὺς
1383 943 1567 996 ἀνέμους
1588 945 1674 985 τῶν

197 1013 424 1065 γνωρίμων
453 1014 549 1065 περὶ
578 1015 713 1056 ταῦτα
743 1011 840 1057 οἷον
869 1012 1143 1066 Ἀριστοτέλη
1175 1013 1417 1065 Τιμοσθένη
1441 1013 1580 1055 Βίωνα
1597 1012 1674 1055 τὸν

198 1078 469 1133 ἀστρολόγον
496 1083 582 1123 κτλ.
595 1079 630 1135 ²)
690 1083 774 1122 Sed
803 1084 882 1122 ista
910 1084 1166 1134 physicorum
1204 1083 1489 1121 nonnullorum
1534 1084 1673 1133 opinio

197 1150 294 1188 nihil
325 1152 378 1189 ad
415 1163 557 1189 uersus
596 1152 755 1192 Lucilii:
804 1153 914 1201 apud
946 1152 1192 1190 Strabonem
1236 1152 1344 1189 enim
1387 1156 1674 1201 comparantur

197 1218 335 1268 aquilo
374 1224 592 1270 austerque
626 1232 717 1257 cum
753 1220 941 1257 omnibus
978 1220 1139 1269 reliquis
1176 1219 1328 1263 uentis,
1362 1219 1403 1255 in
1444 1219 1505 1256 his
1544 1217 1671 1266 Cotys

196 1297 268 1322 rex
299 1286 351 1324 ab
380 1285 454 1324 illis
493 1287 625 1324 uentis
663 1287 837 1325 secernit
882 1299 967 1324 non
1004 1286 1221 1336 zephyrum
1264 1298 1404 1324 eurum
1443 1286 1557 1330 alios,
1595 1286 1673 1323 sed

196 1350 316 1392 ‘istos
352 1366 403 1391 ex
432 1355 570 1392 nimbo
612 1352 838 1401 austellos³‚
878 1367 1009 1405 genus
1049 1356 1258 1405 quoddam
1295 1361 1533 1394 austrorum.
1592 1354 1673 1392 Uel

196 1422 294 1460 inde
326 1422 483 1472 opinor,
520 1428 691 1473 apparet
723 1422 858 1473 Cotyn
886 1434 971 1461 non
1002 1434 1124 1471 agere
1155 1434 1300 1460 reuera
1330 1423 1382 1460 de
1411 1422 1559 1466 uentis,
1592 1423 1671 1459 sed

195 1490 254 1527 uti
284 1490 499 1528 tralatione
519 1491 801 1528 usitatissima:
832 1502 968 1541 neque
998 1491 1107 1527 enim
1128 1496 1287 1528 ceteros
1304 1495 1451 1527 uentos
1474 1489 1624 1527 Thraci
1633 1485 1669 1541 ³)

195 1569 287 1595 esse
315 1557 480 1606 ignotos
510 1557 591 1594 ullo
621 1558 747 1594 modo
783 1558 893 1595 credi
932 1562 1083 1607 potest.
1143 1558 1344 1595 Accurate
1381 1557 1414 1594 si
1450 1557 1516 1594 illa
1546 1556 1671 1593 verba

194 1625 286 1662 istos
305 1637 358 1662 ex
373 1624 499 1662 nimbo
527 1625 711 1662 austellos
729 1625 1018 1676 interpretatus
1046 1625 1137 1673 eris,
1167 1637 1304 1675 neque
1324 1624 1484 1661 nubilos
1506 1629 1668 1662 austros

193 1692 407 1740 intelleges
424 1692 491 1742 qui
506 1704 588 1729 cum
601 1692 761 1730 nebulis
775 1692 956 1730 feruntur
973 1698 1014 1729 et
1047 1692 1280 1730 consenties
1298 1703 1459 1729 mecum
1474 1691 1670 1729 Lucilium

193 1764 355 1797 uertere
374 1758 534 1797 Graeca
550 1760 676 1797 uerba
692 1756 847 1808 νότους
867 1757 1083 1809 ἐκνεφίας,
1117 1759 1184 1809 qui
1204 1759 1357 1809 optime
1376 1771 1466 1796 cum
1481 1759 1591 1796 iusto
1623 1771 1671 1796 ac

192 1837 291 1864 uero
332 1831 470 1863 austro
516 1831 639 1876 atque
677 1826 866 1877 aquilone
902 1827 1227 1871 contenduntur,
1278 1827 1393 1877 qnod
1437 1827 1488 1864 ab
1528 1832 1669 1864 austro

193 1893 400 1931 diuersum
433 1904 562 1943 genus
597 1898 814 1931 uentorum
852 1898 958 1932 sunt.
1015 1890 1250 1943 Ἐκνεφίας
1292 1894 1399 1930 enim
1435 1899 1608 1930 uocatur
1645 1890 1669 1932 ὁ

194 1958 240 2000 ἐκ
255 1958 417 2010 νέφους
442 1957 612 2010 ἄνεμος,
631 1960 738 1999 conf.
754 1960 930 2010 Hesych.
948 1960 1057 2001 Suid.
1076 1961 1123 2000 E.
1141 1961 1197 2000 M.
1216 1973 1247 1999 s.
1269 1973 1307 2000 u.
1332 1962 1386 1999 de
1401 1973 1483 2011 quo
1502 1961 1669 2000 Aristot.

194 2029 247 2065 de
280 2028 434 2065 mundo
467 2040 514 2078 p„
537 2019 646 2076 394b
689 2028 755 2065 18:
795 2025 834 2067 οἱ
876 2027 924 2067 δὲ
959 2026 1067 2067 κατὰ
1099 2025 1217 2077 ῥῆξιν
1259 2026 1423 2078 νέφους
1452 2026 1671 2077 γινόμενοι

193 2093 261 2136 καὶ
292 2092 499 2137 ἀνάλυσιν
528 2096 605 2137 τοῦ
634 2092 802 2146 πάχους
831 2093 941 2146 πρὸς
974 2093 1155 2146 ἑαυτοὺς
1193 2094 1443 2147 ποιούμενοι
1477 2093 1671 2147 ἑκνεφίαι

193 2164 438 2204 καλοῦνται;
470 2165 580 2201 adde
603 2165 814 2203 meteorol.
839 2165 861 2214 β
887 2177 926 2214 p.
950 2164 1060 2213 3661>
1093 2176 1144 2213 33
1176 2165 1308 2214 probl.
1340 2177 1389 2214 κς
1410 2178 1450 2215 p.
1472 2161 1584 2214 940b
1602 2176 1668 2213 30.

194 2231 295 2272 Plin.
326 2231 364 2269 II
399 2242 495 2280 131:
527 2228 662 2270 ‘Nunc
691 2233 745 2270 de
775 2233 998 2282 repentinis
1026 2232 1188 2279 flatibus
1220 2233 1289 2283 qui
1310 2232 1531 2271 exhalante
1547 2238 1668 2278 terra,

193 2306 237 2338 ut
268 2300 420 2338 dictum
440 2306 518 2347 est,
548 2301 676 2338 coorti
698 2312 912 2350 rursusque
935 2301 1097 2341 deiecti,
1128 2301 1287 2338 interim
1304 2301 1484 2339 obducta
1503 2302 1670 2340 nubium

193 2373 288 2406 cute
316 2367 579 2406 multiformes
609 2368 820 2406 exsistunt.
841 2363 958 2417 *Uagi
981 2368 1130 2418 quippe
1162 2374 1204 2407 et
1234 2374 1397 2407 ruentes
1429 2370 1669 2408 torrentium

329 2495 354 2541 ¹)
379 2496 610 2541 Thrasyalces
635 2496 785 2530 Thasius
818 2499 898 2532 τῶν
924 2496 1094 2540 ἀρχαίων
1132 2501 1310 2541 φυσικῶν
1336 2497 1391 2542 εἷς
1416 2499 1537 2542 οὗτος.
1571 2501 1670 2533 Posi-

194 2555 275 2588 don.
300 2566 354 2598 ap.
382 2556 494 2589 Strab.
521 2556 629 2588 XVIl
655 2568 688 2599 p.
716 2564 796 2599 790.

328 2613 356 2657 ²)
381 2615 468 2646 Tres
503 2619 626 2647 uentos
659 2615 803 2656 agnouit
827 2616 1015 2648 Acusilaus
1052 2617 1145 2660 apud
1176 2617 1394 2651 Hesiodum:
1433 2619 1524 2652 conf.
1558 2620 1669 2653 schol.

194 2673 357 2715 theogon.
385 2682 473 2716 379:
514 2679 649 2707 ceteros
677 2675 877 2719 μαψαύρας
908 2680 1015 2719 poeta
1041 2676 1124 2708 dicit
1149 2687 1182 2710 u.
1211 2676 1280 2719 872
1308 2682 1367 2710 aut
1394 2679 1585 2722 ecnephias
1612 2684 1671 2712 aut

193 2733 371 2776 ecnephiis
397 2734 541 2767 similes.

327 2792 356 2837 ³)
381 2793 531 2827 Thracia
554 2799 740 2827 uentorum
765 2795 982 2830 domicilium
1010 2796 1105 2840 apud
1130 2796 1325 2832 Homerum
1350 2798 1492 2833 dicitur:
1530 2798 1670 2833 Preller

194 2852 335 2888 Griech.
360 2853 511 2897 Mythol.
538 2854 557 2886 Ι
580 2865 615 2898 p.
643 2854 722 2897 386.
