<?xml version="1.0" encoding="UTF-8"?>
<!DOCTYPE html PUBLIC "-//W3C//DTD XHTML 1.0 Transitional//EN"
    "http://www.w3.org/TR/xhtml1/DTD/xhtml1-transitional.dtd">
<html xmlns="http://www.w3.org/1999/xhtml" xml:lang="en" lang="en">
 <head>
  <title>
</title>
<meta http-equiv="Content-Type" content="text/html;charset=utf-8" />
  <meta name='ocr-system' content='tesseract 3.04.00' />
  <meta name='ocr-capabilities' content='ocr_page ocr_carea ocr_par ocr_line ocrx_word'/>
</head>
<body>
  <div class='ocr_page' id='page_1' title='image "4627074_0052.png"; bbox 0 0 1894 3403; ppageno 0'>
   <div class='ocr_carea' id='block_1_1' title="bbox 271 0 1894 36">
    <p class='ocr_par' dir='ltr' id='par_1_1' title="bbox 271 0 1894 36">
     <span class='ocr_line' id='line_1_1' title="bbox 271 0 1894 36; baseline 0 3367"><span class='ocrx_word' id='word_1_1' title='bbox 271 0 1894 36; x_wconf 95' lang='lat' dir='ltr'><strong> </strong></span> 
     </span>
    </p>
   </div>
   <div class='ocr_carea' id='block_1_2' title="bbox 940 358 994 395">
    <p class='ocr_par' dir='ltr' id='par_1_2' title="bbox 940 358 994 395">
     <span class='ocr_line' id='line_1_2' title="bbox 940 358 994 395; baseline 0 -10"><span class='ocrx_word' id='word_1_2' title='bbox 940 358 994 395; x_wconf 88' lang='lat'><strong>40</strong></span> 
     </span>
    </p>
   </div>
   <div class='ocr_carea' id='block_1_3' title="bbox 214 466 1703 1735">
    <p class='ocr_par' dir='ltr' id='par_1_3' title="bbox 217 466 1703 924">
     <span class='ocr_line' id='line_1_3' title="bbox 223 466 1701 518; baseline -0.001 -12"><span class='ocrx_word' id='word_1_3' title='bbox 223 469 418 507; x_wconf 88' lang='lat' dir='ltr'><strong>Editores</strong></span> <span class='ocrx_word' id='word_1_4' title='bbox 450 474 492 505; x_wconf 89' lang='lat' dir='ltr'><strong>et</strong></span> <span class='ocrx_word' id='word_1_5' title='bbox 522 468 670 506; x_wconf 88' lang='lat' dir='ltr'><strong>lemma</strong></span> <span class='ocrx_word' id='word_1_6' title='bbox 698 467 821 506; x_wconf 91' lang='lat' dir='ltr'><strong>Nonii</strong></span> <span class='ocrx_word' id='word_1_7' title='bbox 850 475 893 505; x_wconf 89' lang='lat' dir='ltr'><strong>et</strong></span> <span class='ocrx_word' id='word_1_8' title='bbox 922 467 1001 505; x_wconf 89' lang='lat' dir='ltr'><strong>hoc</strong></span> <span class='ocrx_word' id='word_1_9' title='bbox 1022 466 1270 505; x_wconf 88' lang='lat' dir='ltr'><strong>uocabulum</strong></span> <span class='ocrx_word' id='word_1_10' title='bbox 1299 472 1504 505; x_wconf 83' lang='lat' dir='ltr'><strong>mutantes</strong></span> <span class='ocrx_word' id='word_1_11' title='bbox 1525 479 1701 518; x_wconf 85' lang='lat' dir='ltr'>posuere</span> 
     </span>
     <span class='ocr_line' id='line_1_4' title="bbox 219 534 1703 585; baseline -0.001 -11"><span class='ocrx_word' id='word_1_12' title='bbox 219 537 410 585; x_wconf 64' lang='lat' dir='ltr'><strong>confuga!</strong></span> <span class='ocrx_word' id='word_1_13' title='bbox 438 536 525 573; x_wconf 88' lang='lat' dir='ltr'><strong>sine</strong></span> <span class='ocrx_word' id='word_1_14' title='bbox 558 548 686 574; x_wconf 91' lang='lat' dir='ltr'><strong>causa</strong></span> <span class='ocrx_word' id='word_1_15' title='bbox 709 535 949 574; x_wconf 86' lang='lat' dir='ltr'><strong>sufficiente.</strong></span> <span class='ocrx_word' id='word_1_16' title='bbox 1009 535 1113 573; x_wconf 89' lang='lat' dir='ltr'><strong>Inde</strong></span> <span class='ocrx_word' id='word_1_17' title='bbox 1144 534 1318 573; x_wconf 84' lang='lat' dir='ltr'><strong>efficitur</strong></span> <span class='ocrx_word' id='word_1_18' title='bbox 1332 535 1588 572; x_wconf 77' lang='lat' dir='ltr'><strong>communicat</strong></span> <span class='ocrx_word' id='word_1_19' title='bbox 1614 547 1703 573; x_wconf 92' lang='lat' dir='ltr'><strong>cor-</strong></span> 
     </span>
     <span class='ocr_line' id='line_1_5' title="bbox 217 603 1703 653; baseline -0.001 -13"><span class='ocrx_word' id='word_1_20' title='bbox 217 604 433 653; x_wconf 86' lang='lat' dir='ltr'><strong>rigendum</strong></span> <span class='ocrx_word' id='word_1_21' title='bbox 481 614 573 641; x_wconf 91' lang='lat' dir='ltr'><strong>esse</strong></span> <span class='ocrx_word' id='word_1_22' title='bbox 622 608 664 640; x_wconf 89' lang='lat' dir='ltr'><strong>et</strong></span> <span class='ocrx_word' id='word_1_23' title='bbox 706 603 956 641; x_wconf 91' lang='lat' dir='ltr'><strong>uocabulum</strong></span> <span class='ocrx_word' id='word_1_24' title='bbox 1000 615 1132 640; x_wconf 86' lang='lat' dir='ltr'><strong>rerum</strong></span> <span class='ocrx_word' id='word_1_25' title='bbox 1177 606 1342 639; x_wconf 85' lang='lat' dir='ltr'><strong>secutus</strong></span> <span class='ocrx_word' id='word_1_26' title='bbox 1371 607 1500 640; x_wconf 83' lang='lat' dir='ltr'><strong>&#39;recte</strong></span> <span class='ocrx_word' id='word_1_27' title='bbox 1546 603 1703 640; x_wconf 90' lang='lat' dir='ltr'><strong>inuenit</strong></span> 
     </span>
     <span class='ocr_line' id='line_1_6' title="bbox 219 669 1702 720; baseline -0.002 -11"><span class='ocrx_word' id='word_1_28' title='bbox 219 670 460 713; x_wconf 76' lang='lat' dir='ltr'><strong>Lachmann</strong></span> <span class='ocrx_word' id='word_1_29' title='bbox 491 670 751 710; x_wconf 84' lang='lat' dir='ltr'><strong>communitas.</strong></span> <span class='ocrx_word' id='word_1_30' title='bbox 811 671 900 708; x_wconf 89' lang='lat' dir='ltr'><strong>Iam</strong></span> <span class='ocrx_word' id='word_1_31' title='bbox 935 670 1142 720; x_wconf 87' lang='lat' dir='ltr'><strong>flagitatur</strong></span> <span class='ocrx_word' id='word_1_32' title='bbox 1173 670 1229 707; x_wconf 89' lang='lat' dir='ltr'><strong>ad</strong></span> <span class='ocrx_word' id='word_1_33' title='bbox 1259 669 1386 707; x_wconf 88' lang='lat' dir='ltr'><strong>uerba</strong></span> <span class='ocrx_word' id='word_1_34' title='bbox 1416 670 1520 707; x_wconf 84' lang='lat' dir='ltr'><strong>inter</strong></span> <span class='ocrx_word' id='word_1_35' title='bbox 1546 682 1585 706; x_wconf 85' lang='lat' dir='ltr'><strong>se</strong></span> <span class='ocrx_word' id='word_1_36' title='bbox 1617 682 1702 707; x_wconf 89' lang='lat' dir='ltr'><strong>con-</strong></span> 
     </span>
     <span class='ocr_line' id='line_1_7' title="bbox 217 737 1702 788; baseline -0.001 -13"><span class='ocrx_word' id='word_1_37' title='bbox 217 740 363 788; x_wconf 81' lang='lat' dir='ltr'><strong>iungat</strong></span> <span class='ocrx_word' id='word_1_38' title='bbox 389 744 431 776; x_wconf 90' lang='lat' dir='ltr'><strong>et</strong></span> <span class='ocrx_word' id='word_1_39' title='bbox 461 739 725 777; x_wconf 86' lang='lat' dir='ltr'><strong>accusatiuus</strong></span> <span class='ocrx_word' id='word_1_40' title='bbox 764 738 928 788; x_wconf 90' lang='lat' dir='ltr'><strong>pluralis</strong></span> <span class='ocrx_word' id='word_1_41' title='bbox 970 743 1012 775; x_wconf 91' lang='lat' dir='ltr'><strong>et</strong></span> <span class='ocrx_word' id='word_1_42' title='bbox 1043 738 1299 775; x_wconf 84' lang='lat' dir='ltr'><strong>enuntiatum</strong></span> <span class='ocrx_word' id='word_1_43' title='bbox 1337 737 1559 787; x_wconf 85' lang='lat' dir='ltr'><strong>principale</strong></span> <span class='ocrx_word' id='word_1_44' title='bbox 1590 739 1702 775; x_wconf 87' lang='lat' dir='ltr'><strong>unde</strong></span> 
     </span>
     <span class='ocr_line' id='line_1_8' title="bbox 217 804 1702 856; baseline 0 -12"><span class='ocrx_word' id='word_1_45' title='bbox 217 806 506 844; x_wconf 87' lang='lat' dir='ltr'><strong>coniunctiuus</strong></span> <span class='ocrx_word' id='word_1_46' title='bbox 549 807 752 856; x_wconf 84' lang='lat' dir='ltr'><strong>pendeat:</strong></span> <span class='ocrx_word' id='word_1_47' title='bbox 799 806 913 855; x_wconf 93' lang='lat' dir='ltr'><strong>quod</strong></span> <span class='ocrx_word' id='word_1_48' title='bbox 956 810 1176 855; x_wconf 89' lang='lat' dir='ltr'><strong>utrumque</strong></span> <span class='ocrx_word' id='word_1_49' title='bbox 1221 804 1377 843; x_wconf 89' lang='lat' dir='ltr'>facilius</span> <span class='ocrx_word' id='word_1_50' title='bbox 1422 806 1586 855; x_wconf 85' lang='lat' dir='ltr'><strong>assequi</strong></span> <span class='ocrx_word' id='word_1_51' title='bbox 1617 818 1702 844; x_wconf 90' lang='lat' dir='ltr'><strong>non</strong></span> 
     </span>
     <span class='ocr_line' id='line_1_9' title="bbox 217 874 879 924; baseline 0 -13"><span class='ocrx_word' id='word_1_52' title='bbox 217 885 388 924; x_wconf 88' lang='lat' dir='ltr'><strong>possum</strong></span> <span class='ocrx_word' id='word_1_53' title='bbox 419 886 543 924; x_wconf 89' lang='lat' dir='ltr'><strong>quam</strong></span> <span class='ocrx_word' id='word_1_54' title='bbox 572 874 629 912; x_wconf 88' lang='lat' dir='ltr'><strong>ita</strong></span> <span class='ocrx_word' id='word_1_55' title='bbox 659 874 879 912; x_wconf 91' lang='lat' dir='ltr'><strong>scribendo</strong></span> 
     </span>
    </p>

    <p class='ocr_par' dir='ltr' id='par_1_4' title="bbox 331 941 1319 992">
     <span class='ocr_line' id='line_1_10' title="bbox 331 941 1319 992; baseline -0.002 -12"><span class='ocrx_word' id='word_1_56' title='bbox 331 942 487 987; x_wconf 79' lang='lat' dir='ltr'><strong>amicos</strong></span> <span class='ocrx_word' id='word_1_57' title='bbox 518 948 674 992; x_wconf 90' lang='lat' dir='ltr'><strong>quanta</strong></span> <span class='ocrx_word' id='word_1_58' title='bbox 704 947 769 980; x_wconf 89' lang='lat' dir='ltr'><strong>est</strong></span> <span class='ocrx_word' id='word_1_59' title='bbox 798 942 904 979; x_wconf 90' lang='lat' dir='ltr'><strong>inter</strong></span> <span class='ocrx_word' id='word_1_60' title='bbox 936 941 1158 979; x_wconf 89' lang='lat' dir='ltr'><strong>humanum</strong></span> <span class='ocrx_word' id='word_1_61' title='bbox 1188 953 1319 991; x_wconf 88' lang='lat' dir='ltr'><strong>genus</strong></span> 
     </span>
    </p>

    <p class='ocr_par' dir='ltr' id='par_1_5' title="bbox 214 1009 1702 1735">
     <span class='ocr_line' id='line_1_11' title="bbox 332 1009 1376 1059; baseline -0.001 -12"><span class='ocrx_word' id='word_1_62' title='bbox 332 1022 467 1047; x_wconf 89' lang='lat' dir='ltr'><strong>rerum</strong></span> <span class='ocrx_word' id='word_1_63' title='bbox 502 1022 608 1059; x_wconf 88' lang='lat' dir='ltr'><strong>quae</strong></span> <span class='ocrx_word' id='word_1_64' title='bbox 640 1011 745 1047; x_wconf 88' lang='lat' dir='ltr'><strong>inter</strong></span> <span class='ocrx_word' id='word_1_65' title='bbox 775 1022 819 1047; x_wconf 91' lang='lat' dir='ltr'><strong>se</strong></span> <span class='ocrx_word' id='word_1_66' title='bbox 850 1009 1074 1057; x_wconf 87' lang='lat' dir='ltr'><strong>coniungat</strong></span> <span class='ocrx_word' id='word_1_67' title='bbox 1105 1009 1376 1046; x_wconf 87' lang='lat' dir='ltr'><strong>communitas</strong></span> 
     </span>
     <span class='ocr_line' id='line_1_12' title="bbox 220 1073 1702 1128; baseline 0 -13"><span class='ocrx_word' id='word_1_68' title='bbox 220 1077 387 1115; x_wconf 89' lang='lat' dir='ltr'><strong>Amicos</strong></span> <span class='ocrx_word' id='word_1_69' title='bbox 419 1078 589 1127; x_wconf 88' lang='lat' dir='ltr'><strong>iungere</strong></span> <span class='ocrx_word' id='word_1_70' title='bbox 632 1083 696 1115; x_wconf 83' lang='lat' dir='ltr'><strong>est</strong></span> <span class='ocrx_word' id='word_1_71' title='bbox 726 1077 861 1115; x_wconf 84' lang='lat' dir='ltr'><strong>facere</strong></span> <span class='ocrx_word' id='word_1_72' title='bbox 892 1076 1046 1115; x_wconf 88' lang='lat' dir='ltr'><strong>amicos</strong></span> <span class='ocrx_word' id='word_1_73' title='bbox 1087 1073 1203 1125; x_wconf 94' lang='lat' dir='ltr'><strong>(Hor.</strong></span> <span class='ocrx_word' id='word_1_74' title='bbox 1237 1081 1312 1114; x_wconf 86' lang='lat' dir='ltr'><strong>sat.</strong></span> <span class='ocrx_word' id='word_1_75' title='bbox 1342 1076 1360 1114; x_wconf 96' lang='grc' dir='ltr'>Ι</span> <span class='ocrx_word' id='word_1_76' title='bbox 1386 1088 1423 1126; x_wconf 83' lang='lat'><strong>3,</strong></span> <span class='ocrx_word' id='word_1_77' title='bbox 1455 1075 1542 1126; x_wconf 83' lang='lat'>54),</span> <span class='ocrx_word' id='word_1_78' title='bbox 1588 1079 1702 1128; x_wconf 90' lang='lat' dir='ltr'><strong>quod</strong></span> 
     </span>
     <span class='ocr_line' id='line_1_13' title="bbox 220 1143 1699 1193; baseline 0.002 -11"><span class='ocrx_word' id='word_1_79' title='bbox 220 1145 399 1183; x_wconf 87' lang='lat' dir='ltr'><strong>maxime</strong></span> <span class='ocrx_word' id='word_1_80' title='bbox 429 1157 588 1183; x_wconf 91' lang='lat' dir='ltr'><strong>morum</strong></span> <span class='ocrx_word' id='word_1_81' title='bbox 614 1145 878 1183; x_wconf 87' lang='lat' dir='ltr'><strong>similitudine</strong></span> <span class='ocrx_word' id='word_1_82' title='bbox 910 1143 922 1189; x_wconf 72' lang='lat'><em>&lt;</em></span> <span class='ocrx_word' id='word_1_83' title='bbox 931 1143 1014 1184; x_wconf 87' lang='lat' dir='ltr'><strong>Cic.</strong></span> <span class='ocrx_word' id='word_1_84' title='bbox 1047 1144 1161 1183; x_wconf 89' lang='lat' dir='ltr'><strong>Lael.</strong></span> <span class='ocrx_word' id='word_1_85' title='bbox 1194 1154 1248 1193; x_wconf 87' lang='lat'><strong>50</strong></span> <span class='ocrx_word' id='word_1_86' title='bbox 1277 1145 1331 1182; x_wconf 90' lang='lat' dir='ltr'><strong>de</strong></span> <span class='ocrx_word' id='word_1_87' title='bbox 1364 1145 1430 1185; x_wconf 86' lang='lat' dir='ltr'><strong>off.</strong></span> <span class='ocrx_word' id='word_1_88' title='bbox 1460 1145 1478 1182; x_wconf 94' lang='lat' dir='ltr'>I</span> <span class='ocrx_word' id='word_1_89' title='bbox 1511 1145 1562 1193; x_wconf 86' lang='lat'><strong>58</strong></span> <span class='ocrx_word' id='word_1_90' title='bbox 1594 1145 1699 1185; x_wconf 87' lang='lat' dir='ltr'><strong>Plut.</strong></span> 
     </span>
     <span class='ocr_line' id='line_1_14' title="bbox 223 1208 1702 1263; baseline 0.001 -14"><span class='ocrx_word' id='word_1_91' title='bbox 223 1213 276 1249; x_wconf 91' lang='lat' dir='ltr'><strong>de</strong></span> <span class='ocrx_word' id='word_1_92' title='bbox 307 1212 397 1251; x_wconf 91' lang='lat' dir='ltr'><strong>frat.</strong></span> <span class='ocrx_word' id='word_1_93' title='bbox 430 1225 508 1251; x_wconf 91' lang='lat' dir='ltr'><strong>am.</strong></span> <span class='ocrx_word' id='word_1_94' title='bbox 540 1225 630 1262; x_wconf 91' lang='lat' dir='ltr'><strong>cap.</strong></span> <span class='ocrx_word' id='word_1_95' title='bbox 666 1222 719 1250; x_wconf 91' lang='lat'><strong>20</strong></span> <span class='ocrx_word' id='word_1_96' title='bbox 739 1212 794 1250; x_wconf 87' lang='lat' dir='ltr'><strong>de</strong></span> <span class='ocrx_word' id='word_1_97' title='bbox 825 1211 981 1251; x_wconf 90' lang='lat' dir='ltr'><strong>adulat.</strong></span> <span class='ocrx_word' id='word_1_98' title='bbox 1012 1216 1054 1249; x_wconf 85' lang='lat' dir='ltr'><strong>et</strong></span> <span class='ocrx_word' id='word_1_99' title='bbox 1074 1224 1151 1250; x_wconf 86' lang='lat' dir='ltr'><strong>am.</strong></span> <span class='ocrx_word' id='word_1_100' title='bbox 1184 1224 1274 1262; x_wconf 89' lang='lat' dir='ltr'><strong>cap.</strong></span> <span class='ocrx_word' id='word_1_101' title='bbox 1297 1211 1321 1249; x_wconf 87' lang='lat'>6</span> <span class='ocrx_word' id='word_1_102' title='bbox 1352 1218 1395 1250; x_wconf 88' lang='lat' dir='ltr'><strong>et</strong></span> <span class='ocrx_word' id='word_1_103' title='bbox 1423 1208 1595 1263; x_wconf 88' lang='lat' dir='ltr'><strong>passim)</strong></span> <span class='ocrx_word' id='word_1_104' title='bbox 1616 1212 1702 1250; x_wconf 83' lang='lat' dir='ltr'><strong>fieri</strong></span> 
     </span>
     <span class='ocr_line' id='line_1_15' title="bbox 217 1276 1701 1329; baseline 0.001 -13"><span class='ocrx_word' id='word_1_105' title='bbox 217 1285 336 1317; x_wconf 90' lang='lat' dir='ltr'><strong>uetus</strong></span> <span class='ocrx_word' id='word_1_106' title='bbox 368 1285 443 1318; x_wconf 88' lang='lat' dir='ltr'><strong>est.</strong></span> <span class='ocrx_word' id='word_1_107' title='bbox 492 1280 679 1329; x_wconf 87' lang='lat' dir='ltr'><strong>Inprimis</strong></span> <span class='ocrx_word' id='word_1_108' title='bbox 711 1279 987 1316; x_wconf 89' lang='lat' dir='ltr'><strong>conferendus</strong></span> <span class='ocrx_word' id='word_1_109' title='bbox 1020 1278 1105 1317; x_wconf 91' lang='lat' dir='ltr'><strong>Cic.</strong></span> <span class='ocrx_word' id='word_1_110' title='bbox 1137 1280 1191 1316; x_wconf 91' lang='lat' dir='ltr'><strong>de</strong></span> <span class='ocrx_word' id='word_1_111' title='bbox 1223 1280 1290 1317; x_wconf 89' lang='lat' dir='ltr'><strong>off.</strong></span> <span class='ocrx_word' id='word_1_112' title='bbox 1322 1280 1340 1316; x_wconf 95' lang='grc' dir='ltr'>Ι</span> <span class='ocrx_word' id='word_1_113' title='bbox 1371 1290 1445 1327; x_wconf 86' lang='lat'><strong>51:</strong></span> <span class='ocrx_word' id='word_1_114' title='bbox 1490 1276 1570 1318; x_wconf 90' lang='lat' dir='ltr'><strong>‘Ac</strong></span> <span class='ocrx_word' id='word_1_115' title='bbox 1591 1280 1701 1317; x_wconf 88' lang='lat' dir='ltr'><strong>latis-</strong></span> 
     </span>
     <span class='ocr_line' id='line_1_16' title="bbox 217 1345 1702 1396; baseline 0.001 -13"><span class='ocrx_word' id='word_1_116' title='bbox 217 1347 317 1384; x_wconf 88' lang='lat' dir='ltr'><strong>sime</strong></span> <span class='ocrx_word' id='word_1_117' title='bbox 368 1347 536 1396; x_wconf 90' lang='lat' dir='ltr'><strong>quidem</strong></span> <span class='ocrx_word' id='word_1_118' title='bbox 579 1353 726 1396; x_wconf 87' lang='lat' dir='ltr'><strong>patens</strong></span> <span class='ocrx_word' id='word_1_119' title='bbox 771 1345 1003 1384; x_wconf 89' lang='lat' dir='ltr'><strong>hominibus</strong></span> <span class='ocrx_word' id='word_1_120' title='bbox 1049 1346 1155 1383; x_wconf 89' lang='lat' dir='ltr'><strong>inter</strong></span> <span class='ocrx_word' id='word_1_121' title='bbox 1190 1347 1316 1396; x_wconf 88' lang='lat' dir='ltr'><strong>ipsos,</strong></span> <span class='ocrx_word' id='word_1_122' title='bbox 1361 1347 1550 1384; x_wconf 91' lang='lat' dir='ltr'><strong>omnibus</strong></span> <span class='ocrx_word' id='word_1_123' title='bbox 1596 1347 1702 1385; x_wconf 87' lang='lat' dir='ltr'><strong>inter</strong></span> 
     </span>
     <span class='ocr_line' id='line_1_17' title="bbox 219 1414 1701 1465; baseline 0.001 -14"><span class='ocrx_word' id='word_1_124' title='bbox 219 1426 363 1452; x_wconf 90' lang='lat' dir='ltr'><strong>omnes</strong></span> <span class='ocrx_word' id='word_1_125' title='bbox 391 1416 570 1452; x_wconf 86' lang='lat' dir='ltr'><strong>societas</strong></span> <span class='ocrx_word' id='word_1_126' title='bbox 615 1415 720 1452; x_wconf 91' lang='lat' dir='ltr'><strong>haec</strong></span> <span class='ocrx_word' id='word_1_127' title='bbox 750 1420 832 1453; x_wconf 85' lang='lat' dir='ltr'><strong>est:</strong></span> <span class='ocrx_word' id='word_1_128' title='bbox 876 1414 917 1450; x_wconf 91' lang='lat' dir='ltr'><strong>in</strong></span> <span class='ocrx_word' id='word_1_129' title='bbox 964 1426 1045 1463; x_wconf 90' lang='lat' dir='ltr'><strong>qua</strong></span> <span class='ocrx_word' id='word_1_130' title='bbox 1087 1415 1269 1452; x_wconf 90' lang='lat' dir='ltr'><strong>omnium</strong></span> <span class='ocrx_word' id='word_1_131' title='bbox 1313 1426 1458 1460; x_wconf 88' lang='lat' dir='ltr'><strong>rerum,</strong></span> <span class='ocrx_word' id='word_1_132' title='bbox 1501 1427 1603 1465; x_wconf 90' lang='lat' dir='ltr'><strong>quas</strong></span> <span class='ocrx_word' id='word_1_133' title='bbox 1646 1416 1701 1453; x_wconf 91' lang='lat' dir='ltr'><strong>ad</strong></span> 
     </span>
     <span class='ocr_line' id='line_1_18' title="bbox 219 1482 1699 1531; baseline 0.001 -11"><span class='ocrx_word' id='word_1_134' title='bbox 219 1494 481 1521; x_wconf 88' lang='lat' dir='ltr'><strong>communem</strong></span> <span class='ocrx_word' id='word_1_135' title='bbox 512 1482 722 1520; x_wconf 90' lang='lat' dir='ltr'><strong>hominum</strong></span> <span class='ocrx_word' id='word_1_136' title='bbox 751 1493 871 1519; x_wconf 91' lang='lat' dir='ltr'><strong>usum</strong></span> <span class='ocrx_word' id='word_1_137' title='bbox 900 1487 1045 1520; x_wconf 87' lang='lat' dir='ltr'><strong>natura</strong></span> <span class='ocrx_word' id='word_1_138' title='bbox 1078 1482 1232 1531; x_wconf 83' lang='lat' dir='ltr'><strong>genuit,</strong></span> <span class='ocrx_word' id='word_1_139' title='bbox 1265 1487 1327 1520; x_wconf 92' lang='lat' dir='ltr'><strong>est</strong></span> <span class='ocrx_word' id='word_1_140' title='bbox 1348 1484 1557 1521; x_wconf 89' lang='lat' dir='ltr'><strong>seruanda</strong></span> <span class='ocrx_word' id='word_1_141' title='bbox 1587 1495 1699 1521; x_wconf 89' lang='lat' dir='ltr'><strong>com-</strong></span> 
     </span>
     <span class='ocr_line' id='line_1_19' title="bbox 214 1545 1701 1600; baseline 0.001 -12"><span class='ocrx_word' id='word_1_142' title='bbox 214 1547 411 1588; x_wconf 86' lang='lat' dir='ltr'><strong>munitas&#39;</strong></span> <span class='ocrx_word' id='word_1_143' title='bbox 441 1562 477 1588; x_wconf 89' lang='lat' dir='ltr'><strong>e.</strong></span> <span class='ocrx_word' id='word_1_144' title='bbox 510 1563 548 1600; x_wconf 89' lang='lat' dir='ltr'><strong>q.</strong></span> <span class='ocrx_word' id='word_1_145' title='bbox 580 1562 611 1589; x_wconf 92' lang='lat' dir='ltr'><strong>s.</strong></span> <span class='ocrx_word' id='word_1_146' title='bbox 646 1550 772 1587; x_wconf 92' lang='lat' dir='ltr'><strong>Porro</strong></span> <span class='ocrx_word' id='word_1_147' title='bbox 805 1545 1008 1600; x_wconf 83' lang='lat'>(53—56)</span> <span class='ocrx_word' id='word_1_148' title='bbox 1054 1550 1181 1588; x_wconf 89' lang='lat' dir='ltr'><strong>multa</strong></span> <span class='ocrx_word' id='word_1_149' title='bbox 1220 1550 1326 1588; x_wconf 89' lang='lat' dir='ltr'><strong>inter</strong></span> <span class='ocrx_word' id='word_1_150' title='bbox 1361 1550 1547 1589; x_wconf 90' lang='lat' dir='ltr'><strong>homines</strong></span> <span class='ocrx_word' id='word_1_151' title='bbox 1589 1564 1701 1589; x_wconf 91' lang='lat' dir='ltr'><strong>com-</strong></span> 
     </span>
     <span class='ocr_line' id='line_1_20' title="bbox 218 1617 1701 1670; baseline 0.001 -15"><span class='ocrx_word' id='word_1_152' title='bbox 218 1618 371 1670; x_wconf 85' lang='lat' dir='ltr'><strong>munia,</strong></span> <span class='ocrx_word' id='word_1_153' title='bbox 399 1618 546 1668; x_wconf 91' lang='lat' dir='ltr'><strong>quibus</strong></span> <span class='ocrx_word' id='word_1_154' title='bbox 576 1617 682 1656; x_wconf 89' lang='lat' dir='ltr'><strong>inter</strong></span> <span class='ocrx_word' id='word_1_155' title='bbox 714 1629 757 1655; x_wconf 92' lang='lat' dir='ltr'><strong>se</strong></span> <span class='ocrx_word' id='word_1_156' title='bbox 779 1617 1071 1655; x_wconf 85' lang='lat' dir='ltr'><strong>consocientur</strong></span> <span class='ocrx_word' id='word_1_157' title='bbox 1100 1622 1337 1655; x_wconf 87' lang='lat' dir='ltr'><strong>enumerat:</strong></span> <span class='ocrx_word' id='word_1_158' title='bbox 1366 1617 1418 1666; x_wconf 85' lang='lat'><strong>56</strong></span> <span class='ocrx_word' id='word_1_159' title='bbox 1439 1618 1494 1656; x_wconf 91' lang='lat' dir='ltr'><strong>de</strong></span> <span class='ocrx_word' id='word_1_160' title='bbox 1518 1630 1701 1657; x_wconf 89' lang='lat' dir='ltr'><strong>commu-</strong></span> 
     </span>
     <span class='ocr_line' id='line_1_21' title="bbox 224 1685 1206 1735; baseline 0.002 -13"><span class='ocrx_word' id='word_1_161' title='bbox 224 1686 353 1723; x_wconf 88' lang='lat' dir='ltr'><strong>nitate</strong></span> <span class='ocrx_word' id='word_1_162' title='bbox 384 1698 449 1731; x_wconf 90' lang='lat' dir='ltr'><strong>ea,</strong></span> <span class='ocrx_word' id='word_1_163' title='bbox 480 1698 588 1735; x_wconf 89' lang='lat' dir='ltr'><strong>quae</strong></span> <span class='ocrx_word' id='word_1_164' title='bbox 618 1685 773 1724; x_wconf 90' lang='lat' dir='ltr'><strong>amicos</strong></span> <span class='ocrx_word' id='word_1_165' title='bbox 805 1685 1031 1734; x_wconf 90' lang='lat' dir='ltr'><strong>coniungat</strong></span> <span class='ocrx_word' id='word_1_166' title='bbox 1062 1685 1206 1735; x_wconf 88' lang='lat' dir='ltr'><strong>agitur.</strong></span> 
     </span>
    </p>
   </div>
   <div class='ocr_carea' id='block_1_4' title="bbox 869 1785 1086 1790">
    <p class='ocr_par' dir='ltr' id='par_1_6' title="bbox 869 1785 1086 1790">
     <span class='ocr_line' id='line_1_22' title="bbox 869 1785 1086 1790; baseline 0 0"><span class='ocrx_word' id='word_1_167' title='bbox 869 1785 1086 1790; x_wconf 95' lang='lat' dir='ltr'><strong> </strong></span> 
     </span>
    </p>
   </div>
   <div class='ocr_carea' id='block_1_5' title="bbox 215 1849 1703 2916">
    <p class='ocr_par' dir='ltr' id='par_1_7' title="bbox 354 1849 1260 1899">
     <span class='ocr_line' id='line_1_23' title="bbox 354 1849 1260 1899; baseline 0.001 -13"><span class='ocrx_word' id='word_1_168' title='bbox 354 1849 464 1886; x_wconf 94' lang='lat' dir='ltr'><strong>Libri</strong></span> <span class='ocrx_word' id='word_1_169' title='bbox 492 1849 629 1888; x_wconf 89' lang='lat' dir='ltr'>XXIX</span> <span class='ocrx_word' id='word_1_170' title='bbox 660 1862 698 1888; x_wconf 93' lang='lat' dir='ltr'><strong>u.</strong></span> <span class='ocrx_word' id='word_1_171' title='bbox 733 1859 811 1899; x_wconf 86' lang='lat'><strong>755</strong></span> <span class='ocrx_word' id='word_1_172' title='bbox 846 1849 880 1887; x_wconf 96' lang='lat' dir='ltr'>L</span> <span class='ocrx_word' id='word_1_173' title='bbox 912 1849 965 1898; x_wconf 88' lang='lat'><strong>84</strong></span> <span class='ocrx_word' id='word_1_174' title='bbox 994 1850 1038 1887; x_wconf 92' lang='lat' dir='ltr'>M</span> <span class='ocrx_word' id='word_1_175' title='bbox 1069 1850 1260 1887; x_wconf 88' lang='lat' dir='ltr'><strong>codices:</strong></span> 
     </span>
    </p>

    <p class='ocr_par' dir='ltr' id='par_1_8' title="bbox 215 1917 1703 2701">
     <span class='ocr_line' id='line_1_24' title="bbox 335 1917 1618 1967; baseline 0.002 -13"><span class='ocrx_word' id='word_1_176' title='bbox 335 1923 506 1967; x_wconf 89' lang='lat' dir='ltr'><strong>tyroneo</strong></span> <span class='ocrx_word' id='word_1_177' title='bbox 538 1922 581 1955; x_wconf 88' lang='lat' dir='ltr'><strong>et</strong></span> <span class='ocrx_word' id='word_1_178' title='bbox 609 1929 693 1955; x_wconf 88' lang='lat' dir='ltr'><strong>non</strong></span> <span class='ocrx_word' id='word_1_179' title='bbox 722 1917 931 1956; x_wconf 86' lang='lat' dir='ltr'><strong>mortifero</strong></span> <span class='ocrx_word' id='word_1_180' title='bbox 964 1918 1153 1956; x_wconf 87' lang='lat' dir='ltr'><strong>adfectus</strong></span> <span class='ocrx_word' id='word_1_181' title='bbox 1184 1919 1345 1956; x_wconf 89' lang='lat' dir='ltr'><strong>uomica</strong></span> <span class='ocrx_word' id='word_1_182' title='bbox 1377 1924 1419 1956; x_wconf 87' lang='lat' dir='ltr'><strong>et</strong></span> <span class='ocrx_word' id='word_1_183' title='bbox 1449 1918 1618 1956; x_wconf 87' lang='lat' dir='ltr'><strong>uulnera</strong></span> 
     </span>
     <span class='ocr_line' id='line_1_25' title="bbox 220 1986 1703 2030; baseline 0.001 -8"><span class='ocrx_word' id='word_1_184' title='bbox 220 1986 351 2022; x_wconf 88' lang='lat' dir='ltr'><strong>Recte</strong></span> <span class='ocrx_word' id='word_1_185' title='bbox 393 1986 721 2022; x_wconf 85' lang='lat' dir='ltr'><strong>emendauerunt</strong></span> <span class='ocrx_word' id='word_1_186' title='bbox 757 1986 939 2022; x_wconf 88' lang='lat' dir='ltr'><strong>editores</strong></span> <span class='ocrx_word' id='word_1_187' title='bbox 981 1987 1152 2022; x_wconf 79' lang='lat' dir='ltr'><strong>uomicae</strong></span> <span class='ocrx_word' id='word_1_188' title='bbox 1196 1987 1372 2030; x_wconf 84' lang='lat' dir='ltr'><strong>uulnere,</strong></span> <span class='ocrx_word' id='word_1_189' title='bbox 1412 1998 1505 2023; x_wconf 87' lang='lat' dir='ltr'><strong>cum</strong></span> <span class='ocrx_word' id='word_1_190' title='bbox 1538 1992 1703 2023; x_wconf 84' lang='lat' dir='ltr'><strong>antece-</strong></span> 
     </span>
     <span class='ocr_line' id='line_1_26' title="bbox 222 2050 1701 2105; baseline 0.001 -17"><span class='ocrx_word' id='word_1_191' title='bbox 222 2052 325 2089; x_wconf 87' lang='lat' dir='ltr'><strong>dant</strong></span> <span class='ocrx_word' id='word_1_192' title='bbox 354 2052 481 2089; x_wconf 90' lang='lat' dir='ltr'><strong>uerba</strong></span> <span class='ocrx_word' id='word_1_193' title='bbox 511 2051 711 2105; x_wconf 62' lang='lat' dir='ltr'><strong>mortq&#39;fero</strong></span> <span class='ocrx_word' id='word_1_194' title='bbox 743 2050 931 2102; x_wconf 85' lang='lat' dir='ltr'><strong>adfectus.</strong></span> <span class='ocrx_word' id='word_1_195' title='bbox 994 2052 1210 2090; x_wconf 90' lang='lat' dir='ltr'><strong>Uomicam</strong></span> <span class='ocrx_word' id='word_1_196' title='bbox 1240 2053 1407 2102; x_wconf 90' lang='lat' dir='ltr'><strong>quidem</strong></span> <span class='ocrx_word' id='word_1_197' title='bbox 1437 2065 1522 2091; x_wconf 90' lang='lat' dir='ltr'><strong>non</strong></span> <span class='ocrx_word' id='word_1_198' title='bbox 1553 2053 1701 2091; x_wconf 90' lang='lat' dir='ltr'><strong>uulnus</strong></span> 
     </span>
     <span class='ocr_line' id='line_1_27' title="bbox 221 2113 1701 2172; baseline 0.003 -16"><span class='ocrx_word' id='word_1_199' title='bbox 221 2131 313 2156; x_wconf 89' lang='lat' dir='ltr'><strong>esse</strong></span> <span class='ocrx_word' id='word_1_200' title='bbox 345 2120 422 2156; x_wconf 88' lang='lat' dir='ltr'><strong>sed</strong></span> <span class='ocrx_word' id='word_1_201' title='bbox 453 2120 579 2169; x_wconf 90' lang='lat' dir='ltr'><strong>uleus,</strong></span> <span class='ocrx_word' id='word_1_202' title='bbox 611 2132 735 2157; x_wconf 89' lang='lat' dir='ltr'><strong>nemo</strong></span> <span class='ocrx_word' id='word_1_203' title='bbox 766 2113 915 2159; x_wconf 88' lang='lat' dir='ltr'><strong>nescit:</strong></span> <span class='ocrx_word' id='word_1_204' title='bbox 960 2132 1058 2170; x_wconf 86' lang='lat' dir='ltr'><strong>ergo</strong></span> <span class='ocrx_word' id='word_1_205' title='bbox 1109 2121 1433 2170; x_wconf 88' lang='lat' dir='ltr'><strong>intellegendum</strong></span> <span class='ocrx_word' id='word_1_206' title='bbox 1470 2133 1561 2159; x_wconf 89' lang='lat' dir='ltr'><strong>esse</strong></span> <span class='ocrx_word' id='word_1_207' title='bbox 1601 2127 1701 2172; x_wconf 90' lang='lat' dir='ltr'><strong>puto</strong></span> 
     </span>
     <span class='ocr_line' id='line_1_28' title="bbox 222 2186 1701 2238; baseline 0.002 -13"><span class='ocrx_word' id='word_1_208' title='bbox 222 2188 384 2232; x_wconf 92' lang='lat' dir='ltr'><strong>uulnus,</strong></span> <span class='ocrx_word' id='word_1_209' title='bbox 415 2200 496 2236; x_wconf 90' lang='lat' dir='ltr'><strong>quo</strong></span> <span class='ocrx_word' id='word_1_210' title='bbox 526 2189 690 2226; x_wconf 90' lang='lat' dir='ltr'><strong>uomica</strong></span> <span class='ocrx_word' id='word_1_211' title='bbox 720 2194 791 2226; x_wconf 86' lang='lat' dir='ltr'><strong>aut</strong></span> <span class='ocrx_word' id='word_1_212' title='bbox 821 2194 938 2227; x_wconf 87' lang='lat' dir='ltr'><strong>secta</strong></span> <span class='ocrx_word' id='word_1_213' title='bbox 972 2201 996 2226; x_wconf 90' lang='lat' dir='ltr'><strong>a</strong></span> <span class='ocrx_word' id='word_1_214' title='bbox 1026 2189 1188 2226; x_wconf 91' lang='lat' dir='ltr'><strong>medico</strong></span> <span class='ocrx_word' id='word_1_215' title='bbox 1221 2187 1348 2238; x_wconf 85' lang='lat' dir='ltr'><strong>(Cels.</strong></span> <span class='ocrx_word' id='word_1_216' title='bbox 1376 2189 1414 2226; x_wconf 92' lang='lat' dir='ltr'>V</span> <span class='ocrx_word' id='word_1_217' title='bbox 1433 2189 1497 2236; x_wconf 88' lang='lat'><strong>28,</strong></span> <span class='ocrx_word' id='word_1_218' title='bbox 1522 2201 1535 2227; x_wconf 83' lang='lat'>1</span> <span class='ocrx_word' id='word_1_219' title='bbox 1573 2186 1701 2228; x_wconf 87' lang='lat' dir='ltr'><strong>‘Tum</strong></span> 
     </span>
     <span class='ocr_line' id='line_1_29' title="bbox 220 2253 1700 2305; baseline 0.002 -14"><span class='ocrx_word' id='word_1_220' title='bbox 220 2255 374 2292; x_wconf 88' lang='lat' dir='ltr'><strong>deinde</strong></span> <span class='ocrx_word' id='word_1_221' title='bbox 406 2255 554 2292; x_wconf 93' lang='lat' dir='ltr'><strong>uulnus</strong></span> <span class='ocrx_word' id='word_1_222' title='bbox 586 2256 690 2292; x_wconf 87' lang='lat' dir='ltr'><strong>sicut</strong></span> <span class='ocrx_word' id='word_1_223' title='bbox 721 2261 860 2292; x_wconf 87' lang='lat' dir='ltr'><strong>cetera</strong></span> <span class='ocrx_word' id='word_1_224' title='bbox 893 2256 1043 2293; x_wconf 86' lang='lat' dir='ltr'><strong>adusta</strong></span> <span class='ocrx_word' id='word_1_225' title='bbox 1075 2256 1298 2293; x_wconf 83' lang='lat' dir='ltr'><strong>curandum</strong></span> <span class='ocrx_word' id='word_1_226' title='bbox 1331 2253 1427 2305; x_wconf 84' lang='lat' dir='ltr'><strong>est&#39;‚</strong></span> <span class='ocrx_word' id='word_1_227' title='bbox 1459 2268 1516 2296; x_wconf 88' lang='lat' dir='ltr'><strong>se.</strong></span> <span class='ocrx_word' id='word_1_228' title='bbox 1552 2257 1700 2294; x_wconf 88' lang='lat' dir='ltr'><strong>uulnus</strong></span> 
     </span>
     <span class='ocr_line' id='line_1_30' title="bbox 220 2319 1699 2373; baseline 0.001 -14"><span class='ocrx_word' id='word_1_229' title='bbox 220 2319 389 2367; x_wconf 89' lang='lat' dir='ltr'><strong>ulceris)</strong></span> <span class='ocrx_word' id='word_1_230' title='bbox 437 2328 506 2359; x_wconf 87' lang='lat' dir='ltr'><strong>aut</strong></span> <span class='ocrx_word' id='word_1_231' title='bbox 538 2334 636 2360; x_wconf 85' lang='lat' dir='ltr'><strong>casu</strong></span> <span class='ocrx_word' id='word_1_232' title='bbox 680 2324 864 2372; x_wconf 91' lang='lat' dir='ltr'><strong>quodam</strong></span> <span class='ocrx_word' id='word_1_233' title='bbox 907 2334 1104 2373; x_wconf 90' lang='lat' dir='ltr'><strong>percussa</strong></span> <span class='ocrx_word' id='word_1_234' title='bbox 1141 2324 1204 2362; x_wconf 91' lang='lat' dir='ltr'><strong>sit.</strong></span> <span class='ocrx_word' id='word_1_235' title='bbox 1263 2323 1355 2361; x_wconf 92' lang='lat' dir='ltr'><strong>Hoc</strong></span> <span class='ocrx_word' id='word_1_236' title='bbox 1403 2325 1489 2362; x_wconf 91' lang='lat' dir='ltr'><strong>ueri</strong></span> <span class='ocrx_word' id='word_1_237' title='bbox 1535 2324 1699 2361; x_wconf 90' lang='lat' dir='ltr'><strong>similius</strong></span> 
     </span>
     <span class='ocr_line' id='line_1_31' title="bbox 219 2390 1700 2444; baseline 0.001 -16"><span class='ocrx_word' id='word_1_238' title='bbox 219 2391 287 2429; x_wconf 91' lang='lat' dir='ltr'><strong>illo</strong></span> <span class='ocrx_word' id='word_1_239' title='bbox 325 2402 419 2429; x_wconf 88' lang='lat' dir='ltr'><strong>esse</strong></span> <span class='ocrx_word' id='word_1_240' title='bbox 450 2391 588 2429; x_wconf 89' lang='lat' dir='ltr'><strong>uerbis</strong></span> <span class='ocrx_word' id='word_1_241' title='bbox 616 2403 690 2428; x_wconf 91' lang='lat' dir='ltr'><strong>non</strong></span> <span class='ocrx_word' id='word_1_242' title='bbox 728 2390 932 2444; x_wconf 62' lang='lat' dir='ltr'><strong>mortq&#39;fero</strong></span> <span class='ocrx_word' id='word_1_243' title='bbox 955 2392 1154 2429; x_wconf 87' lang='lat' dir='ltr'><strong>euincitur</strong></span> <span class='ocrx_word' id='word_1_244' title='bbox 1183 2397 1308 2442; x_wconf 88' lang='lat' dir='ltr'><strong>atque</strong></span> <span class='ocrx_word' id='word_1_245' title='bbox 1338 2392 1406 2443; x_wconf 85' lang='lat' dir='ltr'><strong>agi</strong></span> <span class='ocrx_word' id='word_1_246' title='bbox 1436 2393 1490 2430; x_wconf 91' lang='lat' dir='ltr'><strong>de</strong></span> <span class='ocrx_word' id='word_1_247' title='bbox 1520 2391 1700 2437; x_wconf 83' lang='lat' dir='ltr'><strong>homine,</strong></span> 
     </span>
     <span class='ocr_line' id='line_1_32' title="bbox 217 2458 1700 2508; baseline 0.001 -13"><span class='ocrx_word' id='word_1_248' title='bbox 217 2458 279 2495; x_wconf 93' lang='lat' dir='ltr'><strong>cui</strong></span> <span class='ocrx_word' id='word_1_249' title='bbox 313 2458 457 2508; x_wconf 88' lang='lat' dir='ltr'><strong>aliquis</strong></span> <span class='ocrx_word' id='word_1_250' title='bbox 490 2459 655 2508; x_wconf 83' lang='lat' dir='ltr'><strong>plagam</strong></span> <span class='ocrx_word' id='word_1_251' title='bbox 698 2459 915 2496; x_wconf 89' lang='lat' dir='ltr'><strong>mortalem</strong></span> <span class='ocrx_word' id='word_1_252' title='bbox 957 2459 1107 2496; x_wconf 89' lang='lat' dir='ltr'><strong>inferre</strong></span> <span class='ocrx_word' id='word_1_253' title='bbox 1145 2460 1243 2497; x_wconf 90' lang='lat' dir='ltr'><strong>dum</strong></span> <span class='ocrx_word' id='word_1_254' title='bbox 1286 2466 1459 2497; x_wconf 87' lang='lat' dir='ltr'><strong>conatur</strong></span> <span class='ocrx_word' id='word_1_255' title='bbox 1496 2461 1700 2498; x_wconf 88' lang='lat' dir='ltr'><strong>uomicam</strong></span> 
     </span>
     <span class='ocr_line' id='line_1_33' title="bbox 215 2525 1693 2577; baseline 0 -12"><span class='ocrx_word' id='word_1_256' title='bbox 215 2526 438 2577; x_wconf 90' lang='lat' dir='ltr'><strong>aperuerit.</strong></span> <span class='ocrx_word' id='word_1_257' title='bbox 501 2525 554 2563; x_wconf 79' lang='lat' dir='ltr'><strong>Et</strong></span> <span class='ocrx_word' id='word_1_258' title='bbox 581 2526 781 2576; x_wconf 90' lang='lat' dir='ltr'><strong>particula</strong></span> <span class='ocrx_word' id='word_1_259' title='bbox 809 2527 1007 2565; x_wconf 85' lang='lat' dir='ltr'><strong>docemur</strong></span> <span class='ocrx_word' id='word_1_260' title='bbox 1037 2527 1078 2564; x_wconf 89' lang='lat' dir='ltr'><strong>in</strong></span> <span class='ocrx_word' id='word_1_261' title='bbox 1107 2527 1250 2565; x_wconf 90' lang='lat' dir='ltr'><strong>litteris</strong></span> <span class='ocrx_word' id='word_1_262' title='bbox 1272 2531 1429 2576; x_wconf 83' lang='lat' dir='ltr'><strong>tyroneo</strong></span> <span class='ocrx_word' id='word_1_263' title='bbox 1453 2528 1581 2565; x_wconf 88' lang='lat' dir='ltr'><strong>latere</strong></span> <span class='ocrx_word' id='word_1_264' title='bbox 1604 2539 1693 2565; x_wconf 90' lang='lat' dir='ltr'><strong>uer-</strong></span> 
     </span>
     <span class='ocr_line' id='line_1_34' title="bbox 215 2592 1701 2645; baseline 0.001 -13"><span class='ocrx_word' id='word_1_265' title='bbox 215 2594 314 2632; x_wconf 92' lang='lat' dir='ltr'><strong>bum</strong></span> <span class='ocrx_word' id='word_1_266' title='bbox 339 2592 554 2645; x_wconf 66' lang='lat' dir='ltr'><strong>salulffero</strong></span> <span class='ocrx_word' id='word_1_267' title='bbox 585 2594 651 2632; x_wconf 88' lang='lat' dir='ltr'><strong>uel</strong></span> <span class='ocrx_word' id='word_1_268' title='bbox 683 2595 763 2632; x_wconf 88' lang='lat' dir='ltr'><strong>tale</strong></span> <span class='ocrx_word' id='word_1_269' title='bbox 804 2595 902 2644; x_wconf 88' lang='lat' dir='ltr'><strong>quid</strong></span> <span class='ocrx_word' id='word_1_270' title='bbox 934 2595 1190 2644; x_wconf 85' lang='lat' dir='ltr'><strong>significans:</strong></span> <span class='ocrx_word' id='word_1_271' title='bbox 1234 2596 1340 2633; x_wconf 89' lang='lat' dir='ltr'><strong>bene</strong></span> <span class='ocrx_word' id='word_1_272' title='bbox 1370 2596 1552 2634; x_wconf 87' lang='lat' dir='ltr'><strong>editores</strong></span> <span class='ocrx_word' id='word_1_273' title='bbox 1587 2595 1701 2633; x_wconf 92' lang='lat' dir='ltr'><strong>Dou-</strong></span> 
     </span>
     <span class='ocr_line' id='line_1_35' title="bbox 217 2663 467 2701; baseline -0.008 0"><span class='ocrx_word' id='word_1_274' title='bbox 217 2674 306 2701; x_wconf 82' lang='lat' dir='ltr'><strong>sam</strong></span> <span class='ocrx_word' id='word_1_275' title='bbox 335 2663 467 2700; x_wconf 85' lang='lat' dir='ltr'><strong>secuti</strong></span> 
     </span>
    </p>

    <p class='ocr_par' dir='ltr' id='par_1_9' title="bbox 218 2729 1699 2916">
     <span class='ocr_line' id='line_1_36' title="bbox 332 2729 1618 2770; baseline 0.002 -4"><span class='ocrx_word' id='word_1_276' title='bbox 332 2729 539 2767; x_wconf 90' lang='lat' dir='ltr'><strong>Chironeo</strong></span> <span class='ocrx_word' id='word_1_277' title='bbox 571 2736 613 2767; x_wconf 89' lang='lat' dir='ltr'><strong>et</strong></span> <span class='ocrx_word' id='word_1_278' title='bbox 643 2742 727 2767; x_wconf 91' lang='lat' dir='ltr'><strong>non</strong></span> <span class='ocrx_word' id='word_1_279' title='bbox 758 2730 969 2767; x_wconf 87' lang='lat' dir='ltr'><strong>mortifero</strong></span> <span class='ocrx_word' id='word_1_280' title='bbox 1001 2730 1192 2768; x_wconf 88' lang='lat' dir='ltr'><strong>adfectus</strong></span> <span class='ocrx_word' id='word_1_281' title='bbox 1224 2732 1413 2768; x_wconf 88' lang='lat' dir='ltr'><strong>uomicae</strong></span> <span class='ocrx_word' id='word_1_282' title='bbox 1437 2732 1618 2770; x_wconf 87' lang='lat' dir='ltr'><strong>uulnere.</strong></span> 
     </span>
     <span class='ocr_line' id='line_1_37' title="bbox 221 2794 1698 2850; baseline 0.001 -15"><span class='ocrx_word' id='word_1_283' title='bbox 221 2796 305 2835; x_wconf 88' lang='lat' dir='ltr'><strong>Sed</strong></span> <span class='ocrx_word' id='word_1_284' title='bbox 335 2797 434 2835; x_wconf 90' lang='lat' dir='ltr'><strong>nihil</strong></span> <span class='ocrx_word' id='word_1_285' title='bbox 464 2797 520 2835; x_wconf 88' lang='lat' dir='ltr'><strong>ad</strong></span> <span class='ocrx_word' id='word_1_286' title='bbox 552 2808 651 2843; x_wconf 88' lang='lat' dir='ltr'><strong>rem,</strong></span> <span class='ocrx_word' id='word_1_287' title='bbox 684 2797 797 2848; x_wconf 90' lang='lat' dir='ltr'><strong>quod</strong></span> <span class='ocrx_word' id='word_1_288' title='bbox 827 2798 977 2835; x_wconf 86' lang='lat' dir='ltr'><strong>medici</strong></span> <span class='ocrx_word' id='word_1_289' title='bbox 1009 2795 1021 2841; x_wconf 93' lang='lat'><em>(</em></span> <span class='ocrx_word' id='word_1_290' title='bbox 1028 2796 1135 2837; x_wconf 91' lang='lat' dir='ltr'><strong>Cels.</strong></span> <span class='ocrx_word' id='word_1_291' title='bbox 1170 2798 1207 2835; x_wconf 95' lang='lat' dir='ltr'>V</span> <span class='ocrx_word' id='word_1_292' title='bbox 1240 2797 1304 2844; x_wconf 90' lang='lat'><strong>28,</strong></span> <span class='ocrx_word' id='word_1_293' title='bbox 1329 2794 1373 2850; x_wconf 86' lang='lat'><strong>5)</strong></span> <span class='ocrx_word' id='word_1_294' title='bbox 1406 2799 1460 2837; x_wconf 89' lang='lat' dir='ltr'><strong>de</strong></span> <span class='ocrx_word' id='word_1_295' title='bbox 1491 2797 1698 2837; x_wconf 90' lang='lat' dir='ltr'><strong>Chironeo</strong></span> 
     </span>
     <span class='ocr_line' id='line_1_38' title="bbox 218 2864 1699 2916; baseline 0.003 -14"><span class='ocrx_word' id='word_1_296' title='bbox 218 2864 391 2915; x_wconf 80' lang='lat' dir='ltr'><strong>ulcere1)</strong></span> <span class='ocrx_word' id='word_1_297' title='bbox 448 2866 683 2915; x_wconf 90' lang='lat' dir='ltr'><strong>proferunt:</strong></span> <span class='ocrx_word' id='word_1_298' title='bbox 729 2878 865 2916; x_wconf 88' lang='lat' dir='ltr'><strong>neque</strong></span> <span class='ocrx_word' id='word_1_299' title='bbox 917 2864 1174 2916; x_wconf 84' lang='grc' dir='ltr'>Χειρώνειον</span> <span class='ocrx_word' id='word_1_300' title='bbox 1220 2864 1347 2916; x_wconf 83' lang='grc' dir='ltr'>ἕλκος</span> <span class='ocrx_word' id='word_1_301' title='bbox 1393 2868 1505 2916; x_wconf 89' lang='lat' dir='ltr'><strong>apud</strong></span> <span class='ocrx_word' id='word_1_302' title='bbox 1541 2869 1699 2907; x_wconf 89' lang='lat' dir='ltr'><strong>Zenob.</strong></span> 
     </span>
    </p>
   </div>
   <div class='ocr_carea' id='block_1_6' title="bbox 262 2952 472 2955">
    <p class='ocr_par' dir='ltr' id='par_1_10' title="bbox 262 2952 472 2955">
     <span class='ocr_line' id='line_1_39' title="bbox 262 2952 472 2955; baseline 0 0"><span class='ocrx_word' id='word_1_303' title='bbox 262 2952 472 2955; x_wconf 95' lang='lat' dir='ltr'><strong> </strong></span> 
     </span>
    </p>
   </div>
   <div class='ocr_carea' id='block_1_7' title="bbox 354 2989 1699 3056">
    <p class='ocr_par' dir='ltr' id='par_1_11' title="bbox 354 2989 1699 3056">
     <span class='ocr_line' id='line_1_40' title="bbox 354 2989 1699 3056; baseline 0.003 -34"><span class='ocrx_word' id='word_1_304' title='bbox 354 2989 382 3034; x_wconf 88' lang='lat'><strong>¹)</strong></span> <span class='ocrx_word' id='word_1_305' title='bbox 407 2991 523 3022; x_wconf 89' lang='lat' dir='ltr'><strong>Aliud</strong></span> <span class='ocrx_word' id='word_1_306' title='bbox 553 2992 647 3023; x_wconf 91' lang='lat' dir='ltr'><strong>enim</strong></span> <span class='ocrx_word' id='word_1_307' title='bbox 675 2998 726 3024; x_wconf 86' lang='lat' dir='ltr'><strong>est</strong></span> <span class='ocrx_word' id='word_1_308' title='bbox 754 2992 868 3056; x_wconf 57' lang='lat' dir='ltr'><strong>ulcus,</strong></span> <span class='ocrx_word' id='word_1_309' title='bbox 895 2992 991 3024; x_wconf 85' lang='lat' dir='ltr'><strong>aliud</strong></span> <span class='ocrx_word' id='word_1_310' title='bbox 1021 2992 1162 3025; x_wconf 89' lang='lat' dir='ltr'><strong>uulnus.</strong></span> <span class='ocrx_word' id='word_1_311' title='bbox 1199 2991 1425 3036; x_wconf 88' lang='grc' dir='ltr'>Χειρώνειον</span> <span class='ocrx_word' id='word_1_312' title='bbox 1451 2992 1558 3033; x_wconf 88' lang='grc' dir='ltr'>ἕλκος</span> <span class='ocrx_word' id='word_1_313' title='bbox 1584 2998 1699 3026; x_wconf 84' lang='lat' dir='ltr'><strong>autem</strong></span> 
     </span>
    </p>
   </div>
  </div>
 </body>
</html>
