1894 3403
996 283 1044 322 16

274 422 364 450 mos
393 409 717 450 Atheniensibus
749 408 841 448 fuit:
873 410 927 447 de
958 409 1169 448 Thebanis
1201 409 1309 449 conf.
1329 407 1431 461 Plut.
1462 415 1632 449 amator.
1664 421 1754 460 cap.

281 489 343 529 17,
379 489 429 517 1o
457 490 558 518 mor.
589 491 629 529 p.
662 477 736 528 761
773 478 824 516 B:
864 474 977 527 Παρ’
1010 474 1109 527 ὑμῖν
1139 476 1188 518 δὲ
1218 509 1226 517 .
1259 509 1267 518 .
1300 509 1308 517 .
1339 463 1433 527 τοῖς
1464 474 1666 528 Θηβαίοις
1703 473 1755 517 οὐ

274 544 495 600 πανοπλίᾳ
507 542 539 599 ¹)
586 543 611 585 ὁ
642 543 831 596 ἐραστὴς
876 543 1086 595 ἐδωρεῖτο
1133 544 1211 586 τὸν
1241 543 1458 596 ἐρώμενον
1501 543 1548 595 ἐς
1593 542 1756 595 ἄνδρας

271 612 391 665 (corr.
407 614 715 653 Winckelmann
739 627 789 651 ex
808 611 992 663 ἀνδέτας
1018 610 1210 664 ἀρδέλας
1242 611 1429 664 ἀρδέτας
1445 614 1605 653 traditis
1634 614 1757 664 scrip-

271 677 389 735 turis)
420 679 766 732 ἐγγραφόμενον;
812 677 996 721 Ἤλλαξε
1042 679 1091 720 δὲ
1144 678 1213 720 καὶ
1259 678 1462 729 μετέθηκε
1506 678 1624 722 τάξιν
1669 680 1756 720 τῶν

272 747 461 789 ὁπλιτῶν
502 747 708 799 ἐρωτικὸς
753 746 861 798 ἀνὴρ
891 746 1135 798 Παμμένης
1166 744 1360 799 Ὅμηρον
1404 745 1756 799 ἐπιμεμψάμενος

271 815 332 867 ὡς
363 813 608 866 ἀνέραστον
645 813 711 856 ὅτι
747 813 856 855 κατὰ
886 815 1003 866 φῦλα
1040 813 1111 855 καὶ
1140 814 1338 866 φρήτρας
1375 803 1754 866 συνελόχιζετοὺς

272 882 482 934 Ἀχαιούς,
513 882 592 923 οὐκ
608 882 827 933 ἐρώμενον
844 880 1026 924 ἔταττε
1056 881 1196 933 παρὰ
1226 882 1414 934 ἐραστὴν
1430 884 1515 924 κτλ.
1541 905 1588 919 ,-
1609 884 1753 932 Quod·

272 966 369 991 nam
399 952 614 991 habuerint
645 964 797 991 nomen
831 951 982 1002 ephebi
1012 951 1065 990 illi
1087 951 1279 990 militibus
1302 953 1552 990 amatoribus
1576 952 1754 1003 appositi

272 1021 314 1058 in
356 1021 445 1058 acie
474 1021 701 1060 nescimus:
746 1026 884 1058 tamen
921 1032 1074 1058 nomen
1109 1017 1436 1071 παράτακτοι
1471 1020 1586 1059 haud
1614 1021 1754 1071 inepte

273 1100 325 1125 ex
355 1090 415 1126 eis
445 1089 543 1126 locis
575 1101 678 1138 quos
709 1089 837 1126 modo
865 1089 981 1126 attuli
1011 1089 1069 1126 eis
1102 1088 1226 1128 fuisse
1255 1089 1386 1138 colligi
1414 1100 1538 1139 posse
1568 1089 1751 1128 arbitror.

275 1155 395 1203 Quae
426 1168 508 1194 uox
552 1156 628 1195 etsi
665 1156 707 1194 in
736 1155 887 1194 nostris
918 1155 1119 1194 thesauris
1150 1156 1312 1207 linguae
1342 1155 1530 1195 Graecae
1568 1168 1654 1194 non
1684 1167 1754 1193 ex-

274 1230 357 1263 stat
385 1230 523 1262 tamen
548 1224 725 1274 legitime
756 1236 781 1261 a
801 1235 904 1262 uoce
927 1221 1229 1274 παρατάσσειν
1252 1236 1356 1275 quae
1372 1226 1597 1263 admodum
1626 1236 1752 1274 saepe

273 1293 421 1330 talibus
467 1292 636 1342 ephebis
681 1292 904 1331 adhibetur
950 1293 1134 1331 deducta
1180 1298 1255 1332 est.
1316 1292 1507 1331 Similiter
1548 1294 1590 1331 in
1628 1291 1752 1331 Creta

271 1360 405 1397 insula
442 1360 533 1397 talis
565 1359 748 1409 ephebus
779 1360 1007 1397 uocabatur
1036 1358 1412 1410 παρασταθείς,
1443 1362 1553 1410 quod
1591 1361 1642 1398 ab
1670 1373 1753 1398 uno

272 1428 475 1467 Strabone
506 1428 545 1466 X
589 1441 629 1478 p.
660 1426 743 1476 484
792 1428 988 1467 traditum
1033 1433 1097 1483 est
1137 1427 1196 1466 his
1227 1428 1382 1467 uerbis:
1429 1423 1618 1479 Ἀφίεται
1648 1425 1696 1468 δὲ
1726 1424 1751 1467 ὁ

270 1496 374 1545 παῖς
405 1495 523 1545 δῶρα
554 1494 696 1546 λαβὼν
734 1494 898 1545 στολὴν
937 1494 1170 1545 πολεμικὴν
1214 1494 1284 1535 καὶ
1314 1496 1417 1547 βοῦν
1448 1494 1518 1536 καὶ
1544 1494 1752 1546 ποτήριον

271 1595 279 1603 .
312 1595 320 1603 .
357 1595 364 1603 .
396 1560 499 1613 Τοῖς
531 1561 579 1603 δέ
610 1562 759 1613 καλοῖς
791 1561 870 1612 τὴν
901 1559 1020 1603 ἰδέαν
1048 1560 1118 1603 καὶ
1145 1561 1377 1613 προγόνων
1407 1561 1629 1614 ἐπιφανῶν
1659 1560 1751 1603 αἰσ-

269 1628 375 1680 χρὸν
406 1629 603 1680 ἐραστῶν
634 1628 687 1679 μὴ
711 1630 857 1680 τυχεῖν
888 1628 949 1680 ὡς
979 1628 1049 1670 διὰ
1077 1628 1155 1671 τὸν
1171 1629 1336 1681 τρόπον
1364 1632 1495 1671 τοῦτο
1523 1631 1749 1672 παθοῦσιν.

268 1695 450 1747 Ἔχουσι
481 1697 529 1737 δὲ
555 1696 678 1747 τιμὰς
722 1695 761 1738 οἱ
793 1697 1243 1748 παρασταθέντες
1283 1695 1417 1751 (οὕτω
1456 1697 1538 1749 γὰρ
1569 1699 1750 1739 καλοῦσι

267 1764 372 1816 τοὺς
404 1762 714 1817 ἁρπαγέντας)·
756 1763 803 1805 ἔν
833 1777 880 1806 τε
909 1763 993 1816 γὰρ
1023 1766 1116 1816 τοῖς
1145 1766 1295 1816 χοροῖς
1334 1764 1403 1806 καὶ
1432 1766 1526 1815 τοῖς
1571 1763 1748 1817 δρόμοις

268 1831 418 1884 ἔχουσι
447 1832 526 1883 τὰς
556 1831 837 1884 ἐντιμοτάτας
868 1832 1015 1883 χώρας
1047 1835 1133 1874 κτλ.

402 1903 587 1940 Alterum
608 1903 722 1952 quod
745 1904 856 1953 apud
880 1902 1060 1941 Nonium
1081 1908 1145 1941 est
1164 1902 1304 1941 Lucilii
1325 1901 1595 1952 fragmentum
1611 1913 1748 1940 emen-

268 1971 368 2008 dare
400 1970 498 2007 mihi
528 1983 612 2007 non
643 1971 829 2019 contigit:
863 1970 1057 2008 Uarronis
1088 1971 1215 2008 uerba
1239 1971 1298 2008 ita
1327 1982 1406 2020 ego
1438 1971 1603 2020 quidem
1624 1970 1748 2020 scrip-

268 2042 406 2079 serim:
460 2041 689 2079 Paratactoe
716 2042 861 2078 adsunt
893 2041 1123 2089 mulierque.
1166 2038 1322 2077 Mulier
1352 2034 1586 2088 uenus[tum]
1619 2041 1742 2087 caput.

266 2109 495 2149 Uenustum
526 2116 660 2161 caput,
692 2111 806 2148 uelut
837 2110 933 2148 Ter.
965 2100 1045 2147 Ad}
1075 2108 1113 2145 V
1135 2120 1176 2158 9,
1207 2119 1233 2157 9
1260 2107 1299 2145 ΙΙ
1326 2118 1364 2156 3,
1397 2107 1422 2145 8
1452 2107 1617 2156 lepidum
1634 2109 1751 2155 caput

247 2180 363 2230 *dicit
393 2185 435 2218 et
451 2177 645 2230 sestiuom
676 2183 792 2229 caput
818 2190 950 2229 neque
982 2177 1099 2216 aliter
1129 2176 1290 2216 Graeci.

402 2366 525 2404 Libro
557 2365 635 2403 XV
666 2378 731 2405 uu.
763 2375 846 2413 410
877 2376 964 2414 sqq.
995 2363 1042 2403 L.
1077 2373 1100 2412 5
1133 2375 1220 2413 sqq.
1252 2362 1296 2400 M
1325 2362 1382 2399 ita
1414 2361 1623 2410 leguntur:

380 2434 611 2471 Terriculas
645 2434 822 2479 Lamias,
853 2433 984 2470 Fauni
1015 2443 1115 2481 quas
1148 2430 1420 2480 Pompiliique

379 2501 590 2540 instituere
620 2500 779 2540 Numae
810 2500 947 2539 tremit
973 2500 1063 2545 has,
1094 2498 1160 2536 hic
1190 2497 1328 2535 omnia
1357 2496 1485 2546 ponit.

378 2575 423 2607 ut
450 2570 564 2618 pueri
593 2570 771 2607 infantes
803 2570 977 2607 eredunt
1008 2569 1125 2617 signa
1155 2566 1293 2605 omnia
1323 2565 1457 2602 ahena

378 2637 517 2675 uiuere
546 2642 589 2675 et
620 2649 712 2676 esse
743 2637 930 2675 homines
961 2636 1018 2673 sic
1046 2635 1136 2673 istic
1164 2633 1301 2672 omnia
1330 2632 1425 2670 ficta

381 2717 480 2743 uera
509 2711 669 2755 putant,
700 2706 875 2743 credunt
906 2704 1030 2754 signis
1060 2715 1130 2741 cor
1155 2703 1291 2740 inesse
1321 2701 1364 2738 in
1394 2699 1548 2739 ahenis.

378 2773 548 2823 pergula
577 2773 796 2823 pictorum,
828 2772 915 2809 ueri
944 2771 1055 2817 nihil,
1086 2771 1226 2808 omnia
1255 2769 1360 2808 ficta.

405 2928 430 2975 ¹)
457 2930 529 2965 Csr.
557 2929 648 2965 Plat.
676 2930 818 2964 Menex.
845 2940 879 2973 p.
908 2936 974 2971 249
1001 2928 1038 2961 A
1064 2938 1143 2962 cum
1169 2926 1395 2961 adnotatione
1423 2923 1658 2959 Stallbaumii.
