<?xml version="1.0" encoding="UTF-8"?>
<!DOCTYPE html PUBLIC "-//W3C//DTD XHTML 1.0 Transitional//EN"
    "http://www.w3.org/TR/xhtml1/DTD/xhtml1-transitional.dtd">
<html xmlns="http://www.w3.org/1999/xhtml" xml:lang="en" lang="en">
 <head>
  <title>
</title>
<meta http-equiv="Content-Type" content="text/html;charset=utf-8" />
  <meta name='ocr-system' content='tesseract 3.04.00' />
  <meta name='ocr-capabilities' content='ocr_page ocr_carea ocr_par ocr_line ocrx_word'/>
</head>
<body>
  <div class='ocr_page' id='page_1' title='image "4627074_0086.png"; bbox 0 0 1894 3403; ppageno 0'>
   <div class='ocr_carea' id='block_1_1' title="bbox 934 269 985 310">
    <p class='ocr_par' dir='ltr' id='par_1_1' title="bbox 934 269 985 310">
     <span class='ocr_line' id='line_1_1' title="bbox 934 269 985 310; baseline -0.039 0"><span class='ocrx_word' id='word_1_1' title='bbox 934 269 985 310; x_wconf 84' lang='lat'><strong>74</strong></span> 
     </span>
    </p>
   </div>
   <div class='ocr_carea' id='block_1_2' title="bbox 209 382 1746 2943">
    <p class='ocr_par' dir='ltr' id='par_1_2' title="bbox 209 382 1746 2943">
     <span class='ocr_line' id='line_1_2' title="bbox 330 382 1514 436; baseline -0.001 -13"><span class='ocrx_word' id='word_1_2' title='bbox 330 386 437 423; x_wconf 90' lang='lat' dir='ltr'><strong>Nam</strong></span> <span class='ocrx_word' id='word_1_3' title='bbox 466 386 566 436; x_wconf 91' lang='lat' dir='ltr'><strong>quid</strong></span> <span class='ocrx_word' id='word_1_4' title='bbox 597 385 780 422; x_wconf 83' lang='lat' dir='ltr'><strong>moetino</strong></span> <span class='ocrx_word' id='word_1_5' title='bbox 812 384 1089 433; x_wconf 89' lang='lat' dir='ltr'><strong>subrectoque</strong></span> <span class='ocrx_word' id='word_1_6' title='bbox 1120 385 1212 422; x_wconf 88' lang='lat' dir='ltr'><strong>huic</strong></span> <span class='ocrx_word' id='word_1_7' title='bbox 1242 383 1338 435; x_wconf 89' lang='lat' dir='ltr'><strong>opu&#39;</strong></span> <span class='ocrx_word' id='word_1_8' title='bbox 1373 382 1514 434; x_wconf 85' lang='lat' dir='ltr'><strong>signo?</strong></span> 
     </span>
     <span class='ocr_line' id='line_1_3' title="bbox 218 451 1692 502; baseline -0.001 -13"><span class='ocrx_word' id='word_1_9' title='bbox 218 453 345 490; x_wconf 91' lang='lat' dir='ltr'><strong>multo</strong></span> <span class='ocrx_word' id='word_1_10' title='bbox 376 453 575 491; x_wconf 88' lang='lat' dir='ltr'>difficilius</span> <span class='ocrx_word' id='word_1_11' title='bbox 607 452 864 502; x_wconf 89' lang='lat' dir='ltr'><strong>intellegitur.</strong></span> <span class='ocrx_word' id='word_1_12' title='bbox 924 452 1058 500; x_wconf 85' lang='lat' dir='ltr'>Atque</span> <span class='ocrx_word' id='word_1_13' title='bbox 1088 453 1261 502; x_wconf 87' lang='lat' dir='ltr'><strong>primum</strong></span> <span class='ocrx_word' id='word_1_14' title='bbox 1293 452 1461 501; x_wconf 90' lang='lat' dir='ltr'><strong>quidem</strong></span> <span class='ocrx_word' id='word_1_15' title='bbox 1489 464 1562 501; x_wconf 92' lang='lat' dir='ltr'><strong>pro</strong></span> <span class='ocrx_word' id='word_1_16' title='bbox 1603 451 1692 488; x_wconf 83' lang='lat' dir='ltr'><strong>sub-</strong></span> 
     </span>
     <span class='ocr_line' id='line_1_4' title="bbox 219 519 1691 571; baseline 0 -15"><span class='ocrx_word' id='word_1_17' title='bbox 219 521 312 557; x_wconf 85' lang='lat' dir='ltr'><strong>iecto</strong></span> <span class='ocrx_word' id='word_1_18' title='bbox 344 521 456 571; x_wconf 91' lang='lat' dir='ltr'><strong>quod</strong></span> <span class='ocrx_word' id='word_1_19' title='bbox 487 526 550 557; x_wconf 91' lang='lat' dir='ltr'><strong>est</strong></span> <span class='ocrx_word' id='word_1_20' title='bbox 580 520 621 557; x_wconf 91' lang='lat' dir='ltr'><strong>in</strong></span> <span class='ocrx_word' id='word_1_21' title='bbox 642 520 852 557; x_wconf 87' lang='lat' dir='ltr'>codicibus</span> <span class='ocrx_word' id='word_1_22' title='bbox 884 525 996 557; x_wconf 89' lang='lat' dir='ltr'><strong>recte</strong></span> <span class='ocrx_word' id='word_1_23' title='bbox 1020 521 1137 558; x_wconf 87' lang='lat' dir='ltr'><strong>dedit</strong></span> <span class='ocrx_word' id='word_1_24' title='bbox 1160 520 1340 568; x_wconf 84' lang='lat' dir='ltr'>Scaliger</span> <span class='ocrx_word' id='word_1_25' title='bbox 1360 519 1550 558; x_wconf 79' lang='lat' dir='ltr'><strong>subrecto:</strong></span> <span class='ocrx_word' id='word_1_26' title='bbox 1583 519 1691 557; x_wconf 92' lang='lat' dir='ltr'><strong>conf.</strong></span> 
     </span>
     <span class='ocr_line' id='line_1_5' title="bbox 215 583 1691 637; baseline -0.001 -13"><span class='ocrx_word' id='word_1_27' title='bbox 215 587 371 624; x_wconf 86' lang='lat' dir='ltr'><strong>Arnob.</strong></span> <span class='ocrx_word' id='word_1_28' title='bbox 403 587 497 625; x_wconf 89' lang='lat' dir='ltr'><strong>adu.</strong></span> <span class='ocrx_word' id='word_1_29' title='bbox 528 593 641 636; x_wconf 89' lang='lat' dir='ltr'><strong>gent.</strong></span> <span class='ocrx_word' id='word_1_30' title='bbox 675 586 713 622; x_wconf 96' lang='lat' dir='ltr'>V</span> <span class='ocrx_word' id='word_1_31' title='bbox 737 597 787 634; x_wconf 82' lang='grc'><strong>29</strong></span> <span class='ocrx_word' id='word_1_32' title='bbox 819 583 885 623; x_wconf 86' lang='lat' dir='ltr'><strong>‘hi</strong></span> <span class='ocrx_word' id='word_1_33' title='bbox 916 586 1042 636; x_wconf 89' lang='lat' dir='ltr'><strong>phalli</strong></span> <span class='ocrx_word' id='word_1_34' title='bbox 1073 599 1175 637; x_wconf 92' lang='lat' dir='ltr'><strong>quos</strong></span> <span class='ocrx_word' id='word_1_35' title='bbox 1206 598 1280 635; x_wconf 90' lang='lat' dir='ltr'><strong>per</strong></span> <span class='ocrx_word' id='word_1_36' title='bbox 1300 599 1404 632; x_wconf 88' lang='lat' dir='ltr'><strong>rura,</strong></span> <span class='ocrx_word' id='word_1_37' title='bbox 1435 598 1508 635; x_wconf 89' lang='lat' dir='ltr'><strong>per</strong></span> <span class='ocrx_word' id='word_1_38' title='bbox 1538 587 1691 635; x_wconf 89' lang='lat' dir='ltr'><strong>oppida</strong></span> 
     </span>
     <span class='ocr_line' id='line_1_6' title="bbox 216 651 1693 703; baseline 0 -13"><span class='ocrx_word' id='word_1_39' title='bbox 216 665 305 691; x_wconf 91' lang='lat' dir='ltr'><strong>mos</strong></span> <span class='ocrx_word' id='word_1_40' title='bbox 335 652 511 703; x_wconf 80' lang='lat' dir='ltr'><em>subrigit</em></span> <span class='ocrx_word' id='word_1_41' title='bbox 541 659 583 691; x_wconf 88' lang='lat' dir='ltr'><strong>et</strong></span> <span class='ocrx_word' id='word_1_42' title='bbox 624 658 845 691; x_wconf 87' lang='lat' dir='ltr'><strong>ueneratur</strong></span> <span class='ocrx_word' id='word_1_43' title='bbox 886 651 1098 703; x_wconf 86' lang='lat' dir='ltr'><strong>antiquus&#39;</strong></span> <span class='ocrx_word' id='word_1_44' title='bbox 1136 654 1241 693; x_wconf 89' lang='lat' dir='ltr'><strong>conf.</strong></span> <span class='ocrx_word' id='word_1_45' title='bbox 1275 653 1339 693; x_wconf 86' lang='lat'><strong>28.</strong></span> <span class='ocrx_word' id='word_1_46' title='bbox 1399 652 1553 691; x_wconf 83' lang='lat' dir='ltr'><strong>Uersus</strong></span> <span class='ocrx_word' id='word_1_47' title='bbox 1584 652 1693 690; x_wconf 91' lang='lat' dir='ltr'><strong>hunc</strong></span> 
     </span>
     <span class='ocr_line' id='line_1_7' title="bbox 217 722 1691 772; baseline -0.001 -14"><span class='ocrx_word' id='word_1_48' title='bbox 217 728 439 772; x_wconf 86' lang='lat' dir='ltr'><strong>sequentes</strong></span> <span class='ocrx_word' id='word_1_49' title='bbox 472 723 657 759; x_wconf 90' lang='lat' dir='ltr'><strong>nondum</strong></span> <span class='ocrx_word' id='word_1_50' title='bbox 687 722 813 771; x_wconf 86' lang='lat' dir='ltr'><strong>plane</strong></span> <span class='ocrx_word' id='word_1_51' title='bbox 835 723 1080 760; x_wconf 89' lang='lat' dir='ltr'><strong>emendatos</strong></span> <span class='ocrx_word' id='word_1_52' title='bbox 1106 735 1212 760; x_wconf 87' lang='lat' dir='ltr'><strong>nunc</strong></span> <span class='ocrx_word' id='word_1_53' title='bbox 1239 723 1370 759; x_wconf 87' lang='lat' dir='ltr'><strong>mitto.</strong></span> <span class='ocrx_word' id='word_1_54' title='bbox 1430 722 1562 759; x_wconf 83' lang='lat' dir='ltr'><strong>Recte</strong></span> <span class='ocrx_word' id='word_1_55' title='bbox 1592 733 1691 758; x_wconf 90' lang='lat' dir='ltr'><strong>uero</strong></span> 
     </span>
     <span class='ocr_line' id='line_1_8' title="bbox 217 790 1691 833; baseline 0 -7"><span class='ocrx_word' id='word_1_56' title='bbox 217 790 249 826; x_wconf 89' lang='lat' dir='ltr'><strong>si</strong></span> <span class='ocrx_word' id='word_1_57' title='bbox 281 790 480 826; x_wconf 88' lang='lat' dir='ltr'><strong>contendi</strong></span> <span class='ocrx_word' id='word_1_58' title='bbox 511 790 614 833; x_wconf 87' lang='lat' dir='ltr'><strong>libro</strong></span> <span class='ocrx_word' id='word_1_59' title='bbox 645 790 683 833; x_wconf 86' lang='grc' dir='ltr'><strong>ΙΙ</strong></span> <span class='ocrx_word' id='word_1_60' title='bbox 713 801 884 827; x_wconf 90' lang='lat' dir='ltr'><strong>causam</strong></span> <span class='ocrx_word' id='word_1_61' title='bbox 914 790 967 826; x_wconf 88' lang='lat' dir='ltr'><strong>ab</strong></span> <span class='ocrx_word' id='word_1_62' title='bbox 990 790 1164 826; x_wconf 92' lang='lat' dir='ltr'><strong>Albucio</strong></span> <span class='ocrx_word' id='word_1_63' title='bbox 1187 791 1340 827; x_wconf 89' lang='lat' dir='ltr'><strong>dictam</strong></span> <span class='ocrx_word' id='word_1_64' title='bbox 1362 802 1454 827; x_wconf 87' lang='lat' dir='ltr'><strong>esse</strong></span> <span class='ocrx_word' id='word_1_65' title='bbox 1471 795 1691 833; x_wconf 85' lang='lat' dir='ltr'>narratam,</span> 
     </span>
     <span class='ocr_line' id='line_1_9' title="bbox 215 857 1693 908; baseline 0 -14"><span class='ocrx_word' id='word_1_66' title='bbox 215 864 436 896; x_wconf 86' lang='lat' dir='ltr'><strong>accusator</strong></span> <span class='ocrx_word' id='word_1_67' title='bbox 465 858 570 895; x_wconf 88' lang='lat' dir='ltr'><strong>ludit</strong></span> <span class='ocrx_word' id='word_1_68' title='bbox 599 858 678 896; x_wconf 91' lang='lat' dir='ltr'><strong>hoc</strong></span> <span class='ocrx_word' id='word_1_69' title='bbox 710 870 832 896; x_wconf 90' lang='lat' dir='ltr'><strong>uersu</strong></span> <span class='ocrx_word' id='word_1_70' title='bbox 863 858 903 895; x_wconf 93' lang='lat' dir='ltr'><strong>in</strong></span> <span class='ocrx_word' id='word_1_71' title='bbox 930 858 1133 896; x_wconf 86' lang='lat' dir='ltr'><strong>moetinum</strong></span> <span class='ocrx_word' id='word_1_72' title='bbox 1161 858 1318 908; x_wconf 61' lang='lat' dir='ltr'><strong>segnum</strong></span> <span class='ocrx_word' id='word_1_73' title='bbox 1347 858 1415 896; x_wconf 91' lang='lat' dir='ltr'><strong>rei.</strong></span> <span class='ocrx_word' id='word_1_74' title='bbox 1476 857 1693 895; x_wconf 89' lang='lat' dir='ltr'><strong>Fascinum</strong></span> 
     </span>
     <span class='ocr_line' id='line_1_10' title="bbox 214 925 1691 975; baseline -0.001 -13"><span class='ocrx_word' id='word_1_75' title='bbox 214 925 438 973; x_wconf 86' lang='lat' dir='ltr'><strong>portabant</strong></span> <span class='ocrx_word' id='word_1_76' title='bbox 468 926 647 963; x_wconf 91' lang='lat' dir='ltr'><strong>infantes</strong></span> <span class='ocrx_word' id='word_1_77' title='bbox 679 932 719 963; x_wconf 92' lang='lat' dir='ltr'><strong>et</strong></span> <span class='ocrx_word' id='word_1_78' title='bbox 748 927 867 974; x_wconf 87' lang='lat' dir='ltr'><strong>pueri</strong></span> <span class='ocrx_word' id='word_1_79' title='bbox 899 927 1035 963; x_wconf 88' lang='lat' dir='ltr'><strong>donec</strong></span> <span class='ocrx_word' id='word_1_80' title='bbox 1067 931 1206 974; x_wconf 85' lang='lat' dir='ltr'><strong>togam</strong></span> <span class='ocrx_word' id='word_1_81' title='bbox 1238 925 1393 962; x_wconf 85' lang='lat' dir='ltr'><strong>uirilem</strong></span> <span class='ocrx_word' id='word_1_82' title='bbox 1415 930 1691 975; x_wconf 88' lang='lat' dir='ltr'><strong>sumpserunt:</strong></span> 
     </span>
     <span class='ocr_line' id='line_1_11' title="bbox 216 991 1691 1042; baseline 0 -14"><span class='ocrx_word' id='word_1_83' title='bbox 216 991 426 1029; x_wconf 88' lang='lat' dir='ltr'><strong>hominum</strong></span> <span class='ocrx_word' id='word_1_84' title='bbox 464 992 697 1030; x_wconf 90' lang='lat' dir='ltr'><strong>adultorum</strong></span> <span class='ocrx_word' id='word_1_85' title='bbox 732 998 948 1042; x_wconf 87' lang='lat' dir='ltr'><strong>gestamen</strong></span> <span class='ocrx_word' id='word_1_86' title='bbox 979 1004 1061 1030; x_wconf 88' lang='lat' dir='ltr'><strong>non</strong></span> <span class='ocrx_word' id='word_1_87' title='bbox 1110 992 1183 1030; x_wconf 87' lang='lat' dir='ltr'><strong>fuit</strong></span> <span class='ocrx_word' id='word_1_88' title='bbox 1225 993 1302 1029; x_wconf 92' lang='lat' dir='ltr'><strong>nisi</strong></span> <span class='ocrx_word' id='word_1_89' title='bbox 1348 991 1691 1042; x_wconf 85' lang='lat' dir='ltr'>triumphantium,</span> 
     </span>
     <span class='ocr_line' id='line_1_12' title="bbox 219 1057 1694 1110; baseline 0 -15"><span class='ocrx_word' id='word_1_90' title='bbox 219 1065 262 1096; x_wconf 91' lang='lat' dir='ltr'><strong>ut</strong></span> <span class='ocrx_word' id='word_1_91' title='bbox 293 1072 345 1096; x_wconf 86' lang='lat' dir='ltr'><strong>ex</strong></span> <span class='ocrx_word' id='word_1_92' title='bbox 380 1059 480 1099; x_wconf 90' lang='lat' dir='ltr'><strong>Plin.</strong></span> <span class='ocrx_word' id='word_1_93' title='bbox 512 1060 692 1097; x_wconf 91' lang='lat' dir='ltr'>XXVIII</span> <span class='ocrx_word' id='word_1_94' title='bbox 723 1070 777 1108; x_wconf 83' lang='lat'><strong>39</strong></span> <span class='ocrx_word' id='word_1_95' title='bbox 808 1066 943 1108; x_wconf 89' lang='lat' dir='ltr'><strong>patet:</strong></span> <span class='ocrx_word' id='word_1_96' title='bbox 980 1057 989 1070; x_wconf 92' lang='lat'><em>‘</em></span> <span class='ocrx_word' id='word_1_97' title='bbox 1010 1061 1272 1110; x_wconf 86' lang='lat' dir='ltr'>Quamquam</span> <span class='ocrx_word' id='word_1_98' title='bbox 1308 1060 1503 1109; x_wconf 86' lang='lat' dir='ltr'><strong>religione</strong></span> <span class='ocrx_word' id='word_1_99' title='bbox 1541 1064 1694 1096; x_wconf 86' lang='lat' dir='ltr'><strong>tutatur</strong></span> 
     </span>
     <span class='ocr_line' id='line_1_13' title="bbox 217 1127 1691 1178; baseline -0.001 -14"><span class='ocrx_word' id='word_1_100' title='bbox 217 1134 259 1164; x_wconf 90' lang='lat' dir='ltr'><strong>et</strong></span> <span class='ocrx_word' id='word_1_101' title='bbox 292 1127 487 1173; x_wconf 88' lang='lat' dir='ltr'><strong>fascinus,</strong></span> <span class='ocrx_word' id='word_1_102' title='bbox 519 1128 809 1178; x_wconf 87' lang='lat' dir='ltr'><strong>imperatorum</strong></span> <span class='ocrx_word' id='word_1_103' title='bbox 831 1140 1007 1178; x_wconf 88' lang='lat' dir='ltr'><strong>quoque,</strong></span> <span class='ocrx_word' id='word_1_104' title='bbox 1039 1140 1122 1165; x_wconf 93' lang='lat' dir='ltr'><strong>non</strong></span> <span class='ocrx_word' id='word_1_105' title='bbox 1139 1129 1267 1166; x_wconf 92' lang='lat' dir='ltr'><strong>solum</strong></span> <span class='ocrx_word' id='word_1_106' title='bbox 1305 1127 1517 1165; x_wconf 87' lang='lat' dir='ltr'><strong>infantium</strong></span> <span class='ocrx_word' id='word_1_107' title='bbox 1539 1131 1691 1171; x_wconf 90' lang='lat' dir='ltr'><strong>custos,</strong></span> 
     </span>
     <span class='ocr_line' id='line_1_14' title="bbox 216 1195 1691 1243; baseline -0.001 -12"><span class='ocrx_word' id='word_1_108' title='bbox 216 1196 284 1243; x_wconf 94' lang='lat' dir='ltr'><strong>qui</strong></span> <span class='ocrx_word' id='word_1_109' title='bbox 309 1196 414 1232; x_wconf 92' lang='lat' dir='ltr'><strong>deus</strong></span> <span class='ocrx_word' id='word_1_110' title='bbox 460 1196 566 1232; x_wconf 85' lang='lat' dir='ltr'><strong>inter</strong></span> <span class='ocrx_word' id='word_1_111' title='bbox 607 1208 724 1233; x_wconf 89' lang='lat' dir='ltr'><strong>sacra</strong></span> <span class='ocrx_word' id='word_1_112' title='bbox 753 1196 945 1233; x_wconf 83' lang='lat' dir='ltr'><strong>Romana</strong></span> <span class='ocrx_word' id='word_1_113' title='bbox 990 1195 1228 1233; x_wconf 87' lang='lat' dir='ltr'><strong>Uestalibus</strong></span> <span class='ocrx_word' id='word_1_114' title='bbox 1279 1196 1423 1232; x_wconf 92' lang='lat' dir='ltr'><strong>colitur</strong></span> <span class='ocrx_word' id='word_1_115' title='bbox 1465 1201 1508 1232; x_wconf 89' lang='lat' dir='ltr'><strong>et</strong></span> <span class='ocrx_word' id='word_1_116' title='bbox 1552 1205 1691 1231; x_wconf 90' lang='lat' dir='ltr'><strong>currus</strong></span> 
     </span>
     <span class='ocr_line' id='line_1_15' title="bbox 217 1257 1691 1313; baseline -0.001 -13"><span class='ocrx_word' id='word_1_117' title='bbox 217 1262 548 1313; x_wconf 88' lang='lat' dir='ltr'><strong>triumphantium</strong></span> <span class='ocrx_word' id='word_1_118' title='bbox 594 1264 669 1301; x_wconf 93' lang='lat' dir='ltr'><strong>sub</strong></span> <span class='ocrx_word' id='word_1_119' title='bbox 717 1263 779 1301; x_wconf 90' lang='lat' dir='ltr'><strong>his</strong></span> <span class='ocrx_word' id='word_1_120' title='bbox 821 1265 1009 1313; x_wconf 87' lang='lat' dir='ltr'><strong>pendens</strong></span> <span class='ocrx_word' id='word_1_121' title='bbox 1052 1263 1240 1301; x_wconf 83' lang='lat' dir='ltr'><strong>defendit</strong></span> <span class='ocrx_word' id='word_1_122' title='bbox 1280 1264 1463 1301; x_wconf 88' lang='lat' dir='ltr'><strong>medicus</strong></span> <span class='ocrx_word' id='word_1_123' title='bbox 1492 1257 1691 1300; x_wconf 87' lang='lat' dir='ltr'><strong>inuidiae&#39;</strong></span> 
     </span>
     <span class='ocr_line' id='line_1_16' title="bbox 217 1331 1690 1381; baseline -0.001 -14"><span class='ocrx_word' id='word_1_124' title='bbox 217 1343 251 1369; x_wconf 93' lang='lat' dir='ltr'><strong>e.</strong></span> <span class='ocrx_word' id='word_1_125' title='bbox 283 1342 321 1379; x_wconf 89' lang='lat' dir='ltr'><strong>q.</strong></span> <span class='ocrx_word' id='word_1_126' title='bbox 354 1343 385 1369; x_wconf 83' lang='lat' dir='ltr'><strong>S.</strong></span> <span class='ocrx_word' id='word_1_127' title='bbox 415 1331 599 1370; x_wconf 90' lang='lat' dir='ltr'><strong>Macrob.</strong></span> <span class='ocrx_word' id='word_1_128' title='bbox 631 1332 650 1368; x_wconf 93' lang='lat' dir='ltr'>I</span> <span class='ocrx_word' id='word_1_129' title='bbox 682 1331 722 1376; x_wconf 83' lang='lat'><strong>6,</strong></span> <span class='ocrx_word' id='word_1_130' title='bbox 754 1343 791 1380; x_wconf 88' lang='grc'><strong>9.</strong></span> <span class='ocrx_word' id='word_1_131' title='bbox 853 1331 934 1369; x_wconf 89' lang='lat' dir='ltr'><strong>Sed</strong></span> <span class='ocrx_word' id='word_1_132' title='bbox 965 1337 1138 1381; x_wconf 89' lang='lat' dir='ltr'><strong>apparet</strong></span> <span class='ocrx_word' id='word_1_133' title='bbox 1167 1332 1270 1368; x_wconf 87' lang='lat' dir='ltr'><strong>haec</strong></span> <span class='ocrx_word' id='word_1_134' title='bbox 1300 1332 1355 1367; x_wconf 93' lang='lat' dir='ltr'><strong>ad</strong></span> <span class='ocrx_word' id='word_1_135' title='bbox 1385 1342 1469 1367; x_wconf 86' lang='lat' dir='ltr'><strong>rem</strong></span> <span class='ocrx_word' id='word_1_136' title='bbox 1487 1342 1569 1366; x_wconf 91' lang='lat' dir='ltr'><strong>non</strong></span> <span class='ocrx_word' id='word_1_137' title='bbox 1600 1341 1690 1378; x_wconf 84' lang='lat' dir='ltr'><strong>per-</strong></span> 
     </span>
     <span class='ocr_line' id='line_1_17' title="bbox 218 1398 1746 1449; baseline -0.001 -13"><span class='ocrx_word' id='word_1_138' title='bbox 218 1399 368 1438; x_wconf 88' lang='lat' dir='ltr'><strong>tinere:</strong></span> <span class='ocrx_word' id='word_1_139' title='bbox 414 1399 492 1438; x_wconf 88' lang='lat' dir='ltr'><strong>alia</strong></span> <span class='ocrx_word' id='word_1_140' title='bbox 543 1400 781 1449; x_wconf 89' lang='lat' dir='ltr'><strong>quaerenda</strong></span> <span class='ocrx_word' id='word_1_141' title='bbox 824 1405 928 1439; x_wconf 87' lang='lat' dir='ltr'><strong>sunt.</strong></span> <span class='ocrx_word' id='word_1_142' title='bbox 988 1399 1142 1437; x_wconf 89' lang='lat' dir='ltr'><strong>Notum</strong></span> <span class='ocrx_word' id='word_1_143' title='bbox 1186 1405 1251 1437; x_wconf 87' lang='lat' dir='ltr'><strong>est</strong></span> <span class='ocrx_word' id='word_1_144' title='bbox 1291 1399 1462 1437; x_wconf 85' lang='lat' dir='ltr'><strong>familias</strong></span> <span class='ocrx_word' id='word_1_145' title='bbox 1512 1398 1691 1448; x_wconf 90' lang='lat' dir='ltr'><strong>singulas</strong></span> <span class='ocrx_word' id='word_1_146' title='bbox 1743 1418 1746 1421; x_wconf 92' lang='lat'>·</span> 
     </span>
     <span class='ocr_line' id='line_1_18' title="bbox 216 1467 1692 1517; baseline -0.001 -13"><span class='ocrx_word' id='word_1_147' title='bbox 216 1467 355 1516; x_wconf 87' lang='lat' dir='ltr'><strong>populi</strong></span> <span class='ocrx_word' id='word_1_148' title='bbox 386 1467 568 1505; x_wconf 83' lang='lat' dir='ltr'><strong>Romani</strong></span> <span class='ocrx_word' id='word_1_149' title='bbox 597 1468 721 1517; x_wconf 86' lang='lat' dir='ltr'><strong>signis</strong></span> <span class='ocrx_word' id='word_1_150' title='bbox 754 1468 840 1506; x_wconf 88' lang='lat' dir='ltr'><strong>siue</strong></span> <span class='ocrx_word' id='word_1_151' title='bbox 872 1468 1097 1516; x_wconf 87' lang='lat' dir='ltr'><strong>insignibus</strong></span> <span class='ocrx_word' id='word_1_152' title='bbox 1140 1479 1233 1504; x_wconf 88' lang='lat' dir='ltr'><strong>esse</strong></span> <span class='ocrx_word' id='word_1_153' title='bbox 1273 1479 1367 1504; x_wconf 90' lang='lat' dir='ltr'><strong>usas</strong></span> <span class='ocrx_word' id='word_1_154' title='bbox 1399 1478 1692 1515; x_wconf 88' lang='lat' dir='ltr'><strong>nonnunquam</strong></span> 
     </span>
     <span class='ocr_line' id='line_1_19' title="bbox 217 1534 1690 1585; baseline -0.001 -13"><span class='ocrx_word' id='word_1_155' title='bbox 217 1535 408 1573; x_wconf 89' lang='lat' dir='ltr'><strong>deductis</strong></span> <span class='ocrx_word' id='word_1_156' title='bbox 448 1549 472 1573; x_wconf 93' lang='lat' dir='ltr'><strong>a</strong></span> <span class='ocrx_word' id='word_1_157' title='bbox 501 1537 710 1584; x_wconf 86' lang='lat' dir='ltr'><strong>praeclare</strong></span> <span class='ocrx_word' id='word_1_158' title='bbox 751 1537 878 1585; x_wconf 88' lang='lat' dir='ltr'><strong>gestis</strong></span> <span class='ocrx_word' id='word_1_159' title='bbox 917 1536 1053 1583; x_wconf 87' lang='lat' dir='ltr'><strong>rebus,</strong></span> <span class='ocrx_word' id='word_1_160' title='bbox 1102 1535 1322 1584; x_wconf 87' lang='lat' dir='ltr'><strong>praecipue</strong></span> <span class='ocrx_word' id='word_1_161' title='bbox 1353 1546 1451 1571; x_wconf 88' lang='lat' dir='ltr'><strong>uero</strong></span> <span class='ocrx_word' id='word_1_162' title='bbox 1483 1534 1690 1584; x_wconf 88' lang='lat' dir='ltr'><strong>cognomi-</strong></span> 
     </span>
     <span class='ocr_line' id='line_1_20' title="bbox 218 1598 1692 1652; baseline -0.001 -13"><span class='ocrx_word' id='word_1_163' title='bbox 218 1614 314 1639; x_wconf 89' lang='lat' dir='ltr'><strong>num</strong></span> <span class='ocrx_word' id='word_1_164' title='bbox 344 1614 451 1652; x_wconf 88' lang='lat' dir='ltr'><strong>quae</strong></span> <span class='ocrx_word' id='word_1_165' title='bbox 486 1602 567 1641; x_wconf 91' lang='lat' dir='ltr'><strong>sint</strong></span> <span class='ocrx_word' id='word_1_166' title='bbox 597 1603 772 1652; x_wconf 87' lang='lat' dir='ltr'><strong>effigies:</strong></span> <span class='ocrx_word' id='word_1_167' title='bbox 821 1603 930 1641; x_wconf 90' lang='lat' dir='ltr'><strong>conf.</strong></span> <span class='ocrx_word' id='word_1_168' title='bbox 975 1602 1143 1640; x_wconf 87' lang='lat' dir='ltr'><strong>Sueton.</strong></span> <span class='ocrx_word' id='word_1_169' title='bbox 1177 1601 1305 1652; x_wconf 91' lang='lat' dir='ltr'><strong>Calig.</strong></span> <span class='ocrx_word' id='word_1_170' title='bbox 1341 1611 1391 1651; x_wconf 85' lang='lat'><strong>35</strong></span> <span class='ocrx_word' id='word_1_171' title='bbox 1430 1598 1602 1639; x_wconf 82' lang='lat' dir='ltr'><strong>‘Uetera</strong></span> <span class='ocrx_word' id='word_1_172' title='bbox 1633 1601 1692 1638; x_wconf 87' lang='lat' dir='ltr'><strong>fa-</strong></span> 
     </span>
     <span class='ocr_line' id='line_1_21' title="bbox 216 1670 1691 1720; baseline -0.001 -13"><span class='ocrx_word' id='word_1_173' title='bbox 216 1670 414 1708; x_wconf 89' lang='lat' dir='ltr'><strong>miliarum</strong></span> <span class='ocrx_word' id='word_1_174' title='bbox 456 1671 634 1720; x_wconf 92' lang='lat' dir='ltr'><strong>insignia</strong></span> <span class='ocrx_word' id='word_1_175' title='bbox 670 1671 926 1709; x_wconf 89' lang='lat' dir='ltr'><strong>nobilissimo</strong></span> <span class='ocrx_word' id='word_1_176' title='bbox 970 1671 1118 1720; x_wconf 90' lang='lat' dir='ltr'><strong>cuique</strong></span> <span class='ocrx_word' id='word_1_177' title='bbox 1149 1671 1318 1715; x_wconf 85' lang='lat' dir='ltr'><strong>ademit,</strong></span> <span class='ocrx_word' id='word_1_178' title='bbox 1364 1670 1577 1720; x_wconf 89' lang='lat' dir='ltr'><strong>Torquato</strong></span> <span class='ocrx_word' id='word_1_179' title='bbox 1611 1674 1691 1706; x_wconf 87' lang='lat' dir='ltr'><strong>tor-</strong></span> 
     </span>
     <span class='ocr_line' id='line_1_22' title="bbox 213 1736 1691 1789; baseline 0 -16"><span class='ocrx_word' id='word_1_180' title='bbox 213 1748 350 1785; x_wconf 89' lang='lat' dir='ltr'><strong>quem,</strong></span> <span class='ocrx_word' id='word_1_181' title='bbox 414 1736 662 1774; x_wconf 87' lang='lat' dir='ltr'><strong>Cincinnato</strong></span> <span class='ocrx_word' id='word_1_182' title='bbox 710 1738 863 1774; x_wconf 74' lang='lat' dir='ltr'><strong>crinem</strong></span> <span class='ocrx_word' id='word_1_183' title='bbox 881 1766 889 1782; x_wconf 91' lang='lat'>‚</span> <span class='ocrx_word' id='word_1_184' title='bbox 942 1737 1016 1789; x_wconf 89' lang='lat' dir='ltr'><strong>Cn.</strong></span> <span class='ocrx_word' id='word_1_185' title='bbox 1068 1737 1267 1786; x_wconf 89' lang='lat' dir='ltr'><strong>Pompeio</strong></span> <span class='ocrx_word' id='word_1_186' title='bbox 1319 1737 1452 1787; x_wconf 91' lang='lat' dir='ltr'><strong>stirpis</strong></span> <span class='ocrx_word' id='word_1_187' title='bbox 1498 1737 1691 1786; x_wconf 88' lang='lat' dir='ltr'><strong>antiquae</strong></span> 
     </span>
     <span class='ocr_line' id='line_1_23' title="bbox 214 1802 1692 1856; baseline -0.001 -14"><span class='ocrx_word' id='word_1_188' title='bbox 214 1804 356 1855; x_wconf 87' lang='lat' dir='ltr'><strong>Magni</strong></span> <span class='ocrx_word' id='word_1_189' title='bbox 387 1802 653 1855; x_wconf 79' lang='lat' dir='ltr'><strong>cognomen‘.</strong></span> <span class='ocrx_word' id='word_1_190' title='bbox 714 1805 853 1843; x_wconf 89' lang='lat' dir='ltr'><strong>Multis</strong></span> <span class='ocrx_word' id='word_1_191' title='bbox 887 1811 996 1843; x_wconf 87' lang='lat' dir='ltr'><strong>certe</strong></span> <span class='ocrx_word' id='word_1_192' title='bbox 1028 1806 1068 1842; x_wconf 91' lang='lat' dir='ltr'><strong>in</strong></span> <span class='ocrx_word' id='word_1_193' title='bbox 1101 1805 1220 1843; x_wconf 89' lang='lat' dir='ltr'><strong>rebus</strong></span> <span class='ocrx_word' id='word_1_194' title='bbox 1251 1805 1408 1856; x_wconf 89' lang='lat' dir='ltr'><strong>antiqui</strong></span> <span class='ocrx_word' id='word_1_195' title='bbox 1439 1804 1692 1842; x_wconf 90' lang='lat' dir='ltr'><strong>adhibebant</strong></span> 
     </span>
     <span class='ocr_line' id='line_1_24' title="bbox 213 1872 1691 1923; baseline 0 -14"><span class='ocrx_word' id='word_1_196' title='bbox 213 1872 312 1909; x_wconf 87' lang='lat' dir='ltr'><strong>talia</strong></span> <span class='ocrx_word' id='word_1_197' title='bbox 339 1873 479 1922; x_wconf 89' lang='lat' dir='ltr'><strong>signa:</strong></span> <span class='ocrx_word' id='word_1_198' title='bbox 512 1874 726 1911; x_wconf 89' lang='lat' dir='ltr'><strong>notissima</strong></span> <span class='ocrx_word' id='word_1_199' title='bbox 755 1874 872 1911; x_wconf 92' lang='lat' dir='ltr'><strong>nobis</strong></span> <span class='ocrx_word' id='word_1_200' title='bbox 905 1874 1021 1923; x_wconf 91' lang='lat' dir='ltr'><strong>signa</strong></span> <span class='ocrx_word' id='word_1_201' title='bbox 1053 1873 1302 1922; x_wconf 88' lang='lat' dir='ltr'><strong>singularum</strong></span> <span class='ocrx_word' id='word_1_202' title='bbox 1328 1872 1568 1910; x_wconf 88' lang='lat' dir='ltr'><strong>familiarum</strong></span> <span class='ocrx_word' id='word_1_203' title='bbox 1598 1877 1691 1910; x_wconf 92' lang='lat' dir='ltr'><strong>sunt</strong></span> 
     </span>
     <span class='ocr_line' id='line_1_25' title="bbox 213 1939 1690 1990; baseline 0 -14"><span class='ocrx_word' id='word_1_204' title='bbox 213 1940 255 1976; x_wconf 91' lang='lat' dir='ltr'><strong>in</strong></span> <span class='ocrx_word' id='word_1_205' title='bbox 285 1940 459 1978; x_wconf 88' lang='lat' dir='ltr'><strong>nummis</strong></span> <span class='ocrx_word' id='word_1_206' title='bbox 491 1941 647 1986; x_wconf 89' lang='lat' dir='ltr'><strong>incusa,</strong></span> <span class='ocrx_word' id='word_1_207' title='bbox 679 1941 746 1978; x_wconf 93' lang='lat' dir='ltr'><strong>ubi</strong></span> <span class='ocrx_word' id='word_1_208' title='bbox 779 1941 887 1977; x_wconf 89' lang='lat' dir='ltr'><strong>Furii</strong></span> <span class='ocrx_word' id='word_1_209' title='bbox 911 1940 1179 1990; x_wconf 82' lang='lat' dir='ltr'><strong>Crassipedes</strong></span> <span class='ocrx_word' id='word_1_210' title='bbox 1211 1941 1362 1990; x_wconf 90' lang='lat' dir='ltr'><strong>pedem</strong></span> <span class='ocrx_word' id='word_1_211' title='bbox 1393 1951 1586 1985; x_wconf 89' lang='lat' dir='ltr'><strong>crassum,</strong></span> <span class='ocrx_word' id='word_1_212' title='bbox 1615 1939 1690 1977; x_wconf 93' lang='lat' dir='ltr'><strong>Pu-</strong></span> 
     </span>
     <span class='ocr_line' id='line_1_26' title="bbox 213 2007 1692 2058; baseline 0.001 -14"><span class='ocrx_word' id='word_1_213' title='bbox 213 2007 330 2044; x_wconf 87' lang='lat' dir='ltr'><strong>blicii</strong></span> <span class='ocrx_word' id='word_1_214' title='bbox 364 2007 543 2046; x_wconf 91' lang='lat' dir='ltr'><strong>Malleoli</strong></span> <span class='ocrx_word' id='word_1_215' title='bbox 587 2008 792 2053; x_wconf 86' lang='lat' dir='ltr'><strong>malleum,</strong></span> <span class='ocrx_word' id='word_1_216' title='bbox 840 2008 1006 2045; x_wconf 88' lang='lat' dir='ltr'><strong>Antistii</strong></span> <span class='ocrx_word' id='word_1_217' title='bbox 1055 2008 1221 2046; x_wconf 91' lang='lat' dir='ltr'><strong>Graculi</strong></span> <span class='ocrx_word' id='word_1_218' title='bbox 1266 2008 1488 2058; x_wconf 89' lang='lat' dir='ltr'><strong>graculum,</strong></span> <span class='ocrx_word' id='word_1_219' title='bbox 1535 2007 1692 2045; x_wconf 83' lang='lat' dir='ltr'><strong>Seruilii</strong></span> 
     </span>
     <span class='ocr_line' id='line_1_27' title="bbox 214 2074 1691 2125; baseline 0 -13"><span class='ocrx_word' id='word_1_220' title='bbox 214 2075 378 2113; x_wconf 90' lang='lat' dir='ltr'><strong>Gemini</strong></span> <span class='ocrx_word' id='word_1_221' title='bbox 410 2074 628 2112; x_wconf 88' lang='lat' dir='ltr'><strong>Castorem</strong></span> <span class='ocrx_word' id='word_1_222' title='bbox 663 2082 705 2115; x_wconf 85' lang='lat' dir='ltr'><strong>et</strong></span> <span class='ocrx_word' id='word_1_223' title='bbox 734 2075 956 2120; x_wconf 90' lang='lat' dir='ltr'><strong>Pollucem,</strong></span> <span class='ocrx_word' id='word_1_224' title='bbox 1010 2076 1119 2112; x_wconf 89' lang='lat' dir='ltr'><strong>Furii</strong></span> <span class='ocrx_word' id='word_1_225' title='bbox 1151 2075 1444 2125; x_wconf 56' lang='lat' dir='ltr'><strong>Purpureones⁸</strong></span> <span class='ocrx_word' id='word_1_226' title='bbox 1484 2076 1691 2118; x_wconf 88' lang='lat' dir='ltr'><strong>muricem,</strong></span> 
     </span>
     <span class='ocr_line' id='line_1_28' title="bbox 212 2142 1692 2193; baseline -0.001 -12"><span class='ocrx_word' id='word_1_227' title='bbox 212 2144 389 2181; x_wconf 88' lang='lat' dir='ltr'><strong>Lucretii</strong></span> <span class='ocrx_word' id='word_1_228' title='bbox 420 2143 594 2181; x_wconf 90' lang='lat' dir='ltr'><strong>Triones</strong></span> <span class='ocrx_word' id='word_1_229' title='bbox 639 2143 776 2181; x_wconf 90' lang='lat' dir='ltr'><strong>stellas</strong></span> <span class='ocrx_word' id='word_1_230' title='bbox 813 2149 989 2193; x_wconf 87' lang='lat' dir='ltr'><strong>septem,</strong></span> <span class='ocrx_word' id='word_1_231' title='bbox 1021 2144 1165 2181; x_wconf 88' lang='lat' dir='ltr'><strong>similia</strong></span> <span class='ocrx_word' id='word_1_232' title='bbox 1201 2144 1302 2181; x_wconf 89' lang='lat' dir='ltr'><strong>aliae</strong></span> <span class='ocrx_word' id='word_1_233' title='bbox 1339 2143 1515 2181; x_wconf 89' lang='lat' dir='ltr'><strong>familiae</strong></span> <span class='ocrx_word' id='word_1_234' title='bbox 1536 2142 1692 2181; x_wconf 89' lang='lat' dir='ltr'><strong>habent</strong></span> 
     </span>
     <span class='ocr_line' id='line_1_29' title="bbox 211 2210 1690 2260; baseline -0.001 -13"><span class='ocrx_word' id='word_1_235' title='bbox 211 2211 406 2259; x_wconf 84' lang='lat' dir='ltr'><strong>insignia:</strong></span> <span class='ocrx_word' id='word_1_236' title='bbox 440 2211 548 2248; x_wconf 90' lang='lat' dir='ltr'><strong>conf.</strong></span> <span class='ocrx_word' id='word_1_237' title='bbox 580 2211 812 2248; x_wconf 92' lang='lat' dir='ltr'><strong>Mommsen</strong></span> <span class='ocrx_word' id='word_1_238' title='bbox 847 2212 884 2247; x_wconf 86' lang='lat' dir='ltr'><strong>in</strong></span> <span class='ocrx_word' id='word_1_239' title='bbox 921 2211 1026 2248; x_wconf 88' lang='lat' dir='ltr'><strong>Mus.</strong></span> <span class='ocrx_word' id='word_1_240' title='bbox 1061 2211 1194 2249; x_wconf 92' lang='lat' dir='ltr'><strong>Rhen.</strong></span> <span class='ocrx_word' id='word_1_241' title='bbox 1227 2211 1303 2248; x_wconf 93' lang='lat' dir='ltr'><strong>XV</strong></span> <span class='ocrx_word' id='word_1_242' title='bbox 1333 2223 1371 2260; x_wconf 91' lang='lat' dir='ltr'><strong>p.</strong></span> <span class='ocrx_word' id='word_1_243' title='bbox 1410 2220 1498 2259; x_wconf 88' lang='lat'><strong>175.</strong></span> <span class='ocrx_word' id='word_1_244' title='bbox 1529 2211 1577 2248; x_wconf 91' lang='lat' dir='ltr'><strong>R.</strong></span> <span class='ocrx_word' id='word_1_245' title='bbox 1599 2211 1643 2248; x_wconf 90' lang='lat' dir='ltr'><strong>F.</strong></span> <span class='ocrx_word' id='word_1_246' title='bbox 1674 2210 1690 2245; x_wconf 89' lang='grc' dir='ltr'><strong>Ι</strong></span> 
     </span>
     <span class='ocr_line' id='line_1_30' title="bbox 212 2276 1691 2328; baseline -0.001 -12"><span class='ocrx_word' id='word_1_247' title='bbox 212 2290 249 2326; x_wconf 91' lang='lat' dir='ltr'><strong>p.</strong></span> <span class='ocrx_word' id='word_1_248' title='bbox 283 2288 350 2325; x_wconf 83' lang='lat'><strong>44.</strong></span> <span class='ocrx_word' id='word_1_249' title='bbox 424 2276 668 2327; x_wconf 87' lang='lat' dir='ltr'><strong>Marquardt</strong></span> <span class='ocrx_word' id='word_1_250' title='bbox 714 2278 858 2317; x_wconf 88' lang='lat' dir='ltr'><strong>Roem.</strong></span> <span class='ocrx_word' id='word_1_251' title='bbox 905 2277 1078 2316; x_wconf 90' lang='lat' dir='ltr'><strong>Alterth.</strong></span> <span class='ocrx_word' id='word_1_252' title='bbox 1125 2277 1161 2314; x_wconf 96' lang='lat' dir='ltr'>V</span> <span class='ocrx_word' id='word_1_253' title='bbox 1199 2289 1209 2314; x_wconf 90' lang='lat'>1</span> <span class='ocrx_word' id='word_1_254' title='bbox 1258 2290 1297 2328; x_wconf 89' lang='lat' dir='ltr'><strong>p.</strong></span> <span class='ocrx_word' id='word_1_255' title='bbox 1344 2276 1403 2316; x_wconf 86' lang='lat'><strong>16.</strong></span> <span class='ocrx_word' id='word_1_256' title='bbox 1463 2277 1691 2315; x_wconf 89' lang='lat' dir='ltr'><strong>Muciorum</strong></span> 
     </span>
     <span class='ocr_line' id='line_1_31' title="bbox 211 2344 1691 2395; baseline 0 -13"><span class='ocrx_word' id='word_1_257' title='bbox 211 2345 371 2394; x_wconf 87' lang='lat' dir='ltr'><strong>insigne</strong></span> <span class='ocrx_word' id='word_1_258' title='bbox 402 2345 503 2395; x_wconf 90' lang='lat' dir='ltr'><strong>quid</strong></span> <span class='ocrx_word' id='word_1_259' title='bbox 537 2344 657 2383; x_wconf 88' lang='lat' dir='ltr'><strong>fuerit</strong></span> <span class='ocrx_word' id='word_1_260' title='bbox 675 2346 913 2395; x_wconf 87' lang='lat' dir='ltr'><strong>antiquitus,</strong></span> <span class='ocrx_word' id='word_1_261' title='bbox 946 2345 1173 2384; x_wconf 87' lang='lat' dir='ltr'><strong>nescimus:</strong></span> <span class='ocrx_word' id='word_1_262' title='bbox 1202 2347 1310 2383; x_wconf 86' lang='lat' dir='ltr'><strong>enim</strong></span> <span class='ocrx_word' id='word_1_263' title='bbox 1341 2358 1439 2384; x_wconf 91' lang='lat' dir='ltr'><strong>uero</strong></span> <span class='ocrx_word' id='word_1_264' title='bbox 1458 2357 1691 2395; x_wconf 89' lang='lat' dir='ltr'><strong>cognomen</strong></span> 
     </span>
     <span class='ocr_line' id='line_1_32' title="bbox 211 2410 1691 2468; baseline 0.002 -19"><span class='ocrx_word' id='word_1_265' title='bbox 211 2412 403 2453; x_wconf 79' lang='lat' dir='ltr'><strong>Scaeuola</strong></span> <span class='ocrx_word' id='word_1_266' title='bbox 448 2411 665 2461; x_wconf 86' lang='lat' dir='ltr'><strong>(Scaeuula</strong></span> <span class='ocrx_word' id='word_1_267' title='bbox 708 2413 802 2453; x_wconf 92' lang='lat' dir='ltr'><strong>fasti</strong></span> <span class='ocrx_word' id='word_1_268' title='bbox 849 2410 1091 2464; x_wconf 88' lang='lat' dir='ltr'><strong>Capitolini)</strong></span> <span class='ocrx_word' id='word_1_269' title='bbox 1138 2414 1307 2468; x_wconf 80' lang='lat' dir='ltr'><strong>deducit</strong></span> <span class='ocrx_word' id='word_1_270' title='bbox 1350 2414 1488 2452; x_wconf 90' lang='lat' dir='ltr'><strong>Liuius</strong></span> <span class='ocrx_word' id='word_1_271' title='bbox 1519 2414 1630 2462; x_wconf 80' lang='lat'>1113</span> <span class='ocrx_word' id='word_1_272' title='bbox 1666 2426 1691 2451; x_wconf 87' lang='grc'>3</span> 
     </span>
     <span class='ocr_line' id='line_1_33' title="bbox 212 2482 1689 2532; baseline 0 -13"><span class='ocrx_word' id='word_1_273' title='bbox 212 2494 363 2520; x_wconf 90' lang='lat' dir='ltr'><strong>scaeua</strong></span> <span class='ocrx_word' id='word_1_274' title='bbox 384 2494 520 2527; x_wconf 90' lang='lat' dir='ltr'><strong>manu,</strong></span> <span class='ocrx_word' id='word_1_275' title='bbox 540 2482 619 2519; x_wconf 92' lang='lat' dir='ltr'><strong>hoc</strong></span> <span class='ocrx_word' id='word_1_276' title='bbox 642 2488 705 2520; x_wconf 87' lang='lat' dir='ltr'><strong>est</strong></span> <span class='ocrx_word' id='word_1_277' title='bbox 733 2483 894 2520; x_wconf 87' lang='lat' dir='ltr'><strong>sinistra</strong></span> <span class='ocrx_word' id='word_1_278' title='bbox 912 2482 1093 2520; x_wconf 89' lang='lat' dir='ltr'><strong>similiter</strong></span> <span class='ocrx_word' id='word_1_279' title='bbox 1116 2482 1216 2520; x_wconf 84' lang='lat' dir='ltr'><strong>Plut.</strong></span> <span class='ocrx_word' id='word_1_280' title='bbox 1236 2482 1386 2532; x_wconf 89' lang='lat' dir='ltr'><strong>Poplic.</strong></span> <span class='ocrx_word' id='word_1_281' title='bbox 1410 2492 1456 2532; x_wconf 92' lang='lat'><strong>17</strong></span> <span class='ocrx_word' id='word_1_282' title='bbox 1474 2488 1516 2520; x_wconf 89' lang='lat' dir='ltr'><strong>et</strong></span> <span class='ocrx_word' id='word_1_283' title='bbox 1533 2494 1689 2528; x_wconf 89' lang='lat' dir='ltr'><strong>omnes,</strong></span> 
     </span>
     <span class='ocr_line' id='line_1_34' title="bbox 211 2550 1691 2599; baseline 0.001 -12"><span class='ocrx_word' id='word_1_284' title='bbox 211 2550 280 2599; x_wconf 91' lang='lat' dir='ltr'><strong>qui</strong></span> <span class='ocrx_word' id='word_1_285' title='bbox 304 2550 466 2588; x_wconf 90' lang='lat' dir='ltr'><strong>Liuium</strong></span> <span class='ocrx_word' id='word_1_286' title='bbox 493 2556 712 2588; x_wconf 89' lang='lat' dir='ltr'><strong>secuntur:</strong></span> <span class='ocrx_word' id='word_1_287' title='bbox 745 2562 891 2587; x_wconf 87' lang='lat' dir='ltr'><strong>uerum</strong></span> <span class='ocrx_word' id='word_1_288' title='bbox 913 2556 1044 2588; x_wconf 90' lang='lat' dir='ltr'><strong>totam</strong></span> <span class='ocrx_word' id='word_1_289' title='bbox 1073 2550 1181 2588; x_wconf 91' lang='lat' dir='ltr'><strong>illam</strong></span> <span class='ocrx_word' id='word_1_290' title='bbox 1205 2551 1258 2587; x_wconf 91' lang='lat' dir='ltr'><strong>de</strong></span> <span class='ocrx_word' id='word_1_291' title='bbox 1274 2550 1397 2588; x_wconf 91' lang='lat' dir='ltr'><strong>Mucii</strong></span> <span class='ocrx_word' id='word_1_292' title='bbox 1427 2562 1549 2588; x_wconf 91' lang='lat' dir='ltr'><strong>manu</strong></span> <span class='ocrx_word' id='word_1_293' title='bbox 1579 2563 1691 2588; x_wconf 92' lang='lat' dir='ltr'><strong>com-</strong></span> 
     </span>
     <span class='ocr_line' id='line_1_35' title="bbox 210 2616 1690 2667; baseline 0.001 -12"><span class='ocrx_word' id='word_1_294' title='bbox 210 2618 332 2655; x_wconf 87' lang='lat' dir='ltr'><strong>busta</strong></span> <span class='ocrx_word' id='word_1_295' title='bbox 345 2618 623 2655; x_wconf 87' lang='lat' dir='ltr'><strong>narrationem</strong></span> <span class='ocrx_word' id='word_1_296' title='bbox 652 2630 744 2656; x_wconf 89' lang='lat' dir='ltr'><strong>esse</strong></span> <span class='ocrx_word' id='word_1_297' title='bbox 777 2619 955 2656; x_wconf 84' lang='lat' dir='ltr'><strong>absurde</strong></span> <span class='ocrx_word' id='word_1_298' title='bbox 981 2619 1118 2655; x_wconf 89' lang='lat' dir='ltr'><strong>fictam</strong></span> <span class='ocrx_word' id='word_1_299' title='bbox 1143 2624 1237 2667; x_wconf 88' lang='lat' dir='ltr'><strong>post</strong></span> <span class='ocrx_word' id='word_1_300' title='bbox 1253 2618 1518 2656; x_wconf 89' lang='lat' dir='ltr'><strong>Niebuhrium</strong></span> <span class='ocrx_word' id='word_1_301' title='bbox 1550 2616 1616 2667; x_wconf 92' lang='lat' dir='ltr'><strong>(R.</strong></span> <span class='ocrx_word' id='word_1_302' title='bbox 1639 2619 1690 2658; x_wconf 91' lang='lat' dir='ltr'><strong>G.</strong></span> 
     </span>
     <span class='ocr_line' id='line_1_36' title="bbox 210 2683 1690 2735; baseline -0.001 -11"><span class='ocrx_word' id='word_1_303' title='bbox 210 2698 248 2735; x_wconf 90' lang='lat' dir='ltr'><strong>p.</strong></span> <span class='ocrx_word' id='word_1_304' title='bbox 269 2683 367 2734; x_wconf 81' lang='lat'>606)</span> <span class='ocrx_word' id='word_1_305' title='bbox 398 2686 513 2723; x_wconf 87' lang='lat' dir='ltr'><strong>multi</strong></span> <span class='ocrx_word' id='word_1_306' title='bbox 536 2687 739 2725; x_wconf 84' lang='lat' dir='ltr'><strong>dixerunt.</strong></span> <span class='ocrx_word' id='word_1_307' title='bbox 774 2687 830 2724; x_wconf 92' lang='lat' dir='ltr'><strong>At</strong></span> <span class='ocrx_word' id='word_1_308' title='bbox 850 2686 982 2724; x_wconf 92' lang='lat' dir='ltr'><strong>Uarro</strong></span> <span class='ocrx_word' id='word_1_309' title='bbox 1006 2686 1060 2722; x_wconf 90' lang='lat' dir='ltr'><strong>de</strong></span> <span class='ocrx_word' id='word_1_310' title='bbox 1082 2686 1105 2725; x_wconf 91' lang='lat' dir='ltr'><strong>l.</strong></span> <span class='ocrx_word' id='word_1_311' title='bbox 1128 2686 1175 2724; x_wconf 92' lang='lat' dir='ltr'><strong>L.</strong></span> <span class='ocrx_word' id='word_1_312' title='bbox 1199 2685 1276 2723; x_wconf 93' lang='lat' dir='ltr'><strong>VII</strong></span> <span class='ocrx_word' id='word_1_313' title='bbox 1296 2696 1347 2734; x_wconf 89' lang='grc'><strong>97</strong></span> <span class='ocrx_word' id='word_1_314' title='bbox 1381 2687 1435 2723; x_wconf 84' lang='lat' dir='ltr'><strong>de</strong></span> <span class='ocrx_word' id='word_1_315' title='bbox 1467 2685 1690 2723; x_wconf 84' lang='lat' dir='ltr'><strong>obscaenum</strong></span> 
     </span>
     <span class='ocr_line' id='line_1_37' title="bbox 210 2750 1689 2804; baseline 0 -13"><span class='ocrx_word' id='word_1_316' title='bbox 210 2766 317 2791; x_wconf 90' lang='lat' dir='ltr'><strong>uoce</strong></span> <span class='ocrx_word' id='word_1_317' title='bbox 347 2754 524 2793; x_wconf 87' lang='lat' dir='ltr'><strong>docens:</strong></span> <span class='ocrx_word' id='word_1_318' title='bbox 564 2750 728 2791; x_wconf 79' lang='lat' dir='ltr'><strong>‘Potest</strong></span> <span class='ocrx_word' id='word_1_319' title='bbox 761 2755 827 2791; x_wconf 90' lang='lat' dir='ltr'><strong>uel</strong></span> <span class='ocrx_word' id='word_1_320' title='bbox 860 2755 911 2791; x_wconf 86' lang='lat' dir='ltr'><strong>ab</strong></span> <span class='ocrx_word' id='word_1_321' title='bbox 944 2766 994 2791; x_wconf 92' lang='lat' dir='ltr'><strong>eo</strong></span> <span class='ocrx_word' id='word_1_322' title='bbox 1030 2755 1142 2804; x_wconf 91' lang='lat' dir='ltr'><strong>quod</strong></span> <span class='ocrx_word' id='word_1_323' title='bbox 1172 2753 1350 2803; x_wconf 89' lang='lat' dir='ltr'><strong>puerulis</strong></span> <span class='ocrx_word' id='word_1_324' title='bbox 1382 2753 1584 2803; x_wconf 88' lang='lat' dir='ltr'><strong>turpicula</strong></span> <span class='ocrx_word' id='word_1_325' title='bbox 1625 2766 1689 2791; x_wconf 87' lang='lat' dir='ltr'><strong>res</strong></span> 
     </span>
     <span class='ocr_line' id='line_1_38' title="bbox 209 2821 1691 2874; baseline 0 -14"><span class='ocrx_word' id='word_1_326' title='bbox 209 2823 249 2860; x_wconf 91' lang='lat' dir='ltr'><strong>in</strong></span> <span class='ocrx_word' id='word_1_327' title='bbox 282 2821 390 2860; x_wconf 90' lang='lat' dir='ltr'><strong>collo</strong></span> <span class='ocrx_word' id='word_1_328' title='bbox 422 2823 629 2874; x_wconf 86' lang='lat' dir='ltr'><strong>quaedam</strong></span> <span class='ocrx_word' id='word_1_329' title='bbox 660 2823 938 2873; x_wconf 88' lang='lat' dir='ltr'><strong>suspenditur,</strong></span> <span class='ocrx_word' id='word_1_330' title='bbox 972 2834 1023 2860; x_wconf 90' lang='lat' dir='ltr'><strong>ne</strong></span> <span class='ocrx_word' id='word_1_331' title='bbox 1062 2822 1160 2872; x_wconf 92' lang='lat' dir='ltr'><strong>quid</strong></span> <span class='ocrx_word' id='word_1_332' title='bbox 1194 2822 1315 2867; x_wconf 89' lang='lat' dir='ltr'><strong>obsit,</strong></span> <span class='ocrx_word' id='word_1_333' title='bbox 1346 2822 1483 2860; x_wconf 90' lang='lat' dir='ltr'><strong>bonae</strong></span> <span class='ocrx_word' id='word_1_334' title='bbox 1514 2834 1691 2861; x_wconf 90' lang='lat' dir='ltr'><strong>scaeuae</strong></span> 
     </span>
     <span class='ocr_line' id='line_1_39' title="bbox 210 2891 1689 2943; baseline 0.001 -15"><span class='ocrx_word' id='word_1_335' title='bbox 210 2903 335 2928; x_wconf 88' lang='lat' dir='ltr'><strong>causa</strong></span> <span class='ocrx_word' id='word_1_336' title='bbox 364 2892 548 2929; x_wconf 79' lang='lat' dir='ltr'><strong>scaeuola</strong></span> <span class='ocrx_word' id='word_1_337' title='bbox 580 2892 800 2943; x_wconf 87' lang='lat' dir='ltr'><strong>appellata.</strong></span> <span class='ocrx_word' id='word_1_338' title='bbox 863 2892 925 2932; x_wconf 88' lang='lat' dir='ltr'><strong>Ea</strong></span> <span class='ocrx_word' id='word_1_339' title='bbox 957 2892 1067 2931; x_wconf 86' lang='lat' dir='ltr'><strong>dicta</strong></span> <span class='ocrx_word' id='word_1_340' title='bbox 1098 2893 1147 2932; x_wconf 85' lang='lat' dir='ltr'><strong>ab</strong></span> <span class='ocrx_word' id='word_1_341' title='bbox 1171 2903 1334 2939; x_wconf 85' lang='lat' dir='ltr'><strong>scaeua,</strong></span> <span class='ocrx_word' id='word_1_342' title='bbox 1364 2892 1407 2930; x_wconf 91' lang='lat' dir='ltr'><strong>id</strong></span> <span class='ocrx_word' id='word_1_343' title='bbox 1428 2897 1491 2931; x_wconf 87' lang='lat' dir='ltr'><strong>est</strong></span> <span class='ocrx_word' id='word_1_344' title='bbox 1512 2891 1689 2939; x_wconf 87' lang='lat' dir='ltr'><strong>sinistra,</strong></span> 
     </span>
    </p>
   </div>
  </div>
 </body>
</html>
