1894 3403
938 247 991 297 98

228 372 513 410 hexametrum
544 370 649 409 effici
678 370 849 419 malum3
894 370 1076 421 rythmus
1113 376 1254 409 tamen
1288 370 1388 408 mihi
1418 371 1581 409 uidetur
1610 382 1705 409 esse

228 439 476 477 trochaicus.
526 438 694 476 Librum
725 439 929 488 Antipatri
960 439 1016 475 ad
1046 439 1093 476 L.
1125 438 1289 476 Aelium
1320 438 1522 477 Stilonem
1550 438 1706 476 Metelli

228 508 432 546 Numidici
475 506 651 544 amicum
684 507 855 544 missum
891 517 985 544 esse
1028 507 1133 544 sicut
1158 505 1316 555 Popma
1356 506 1592 553 coniecerat
1620 518 1706 543 non

226 576 281 613 ad
313 575 511 620 Laelium,
543 580 588 612 ut
625 580 772 623 putant
804 574 926 611 Peter
958 573 1113 622 Sieglin
1143 574 1220 618 alii,
1259 573 1336 611 hac
1367 574 1536 611 demum
1565 574 1705 623 dispu—

227 644 385 681 tatione
424 642 644 691 probatum
675 647 750 680 est.
811 641 1012 679 Lucilium
1035 653 1133 678 uero
1164 642 1218 678 ad
1240 640 1438 679 Stilonem
1468 640 1614 678 librum
1631 640 1705 678 mi-

226 711 329 748 sisse
359 710 457 747 ideo
488 710 601 747 credi
630 720 716 746 non
746 713 898 758 potest,
939 709 1054 757 quod
1083 708 1147 746 hic
1172 708 1331 746 Metelli
1356 707 1561 746 Numidici
1590 707 1703 745 fami-

227 779 335 815 liaris
364 778 532 815 intimus
565 783 652 814 erat
683 774 872 828 (Sueton.
905 776 959 813 de
990 788 1158 825 gramm.
1192 775 1248 825 3),
1279 776 1457 814 Lucilius
1487 776 1705 814 Aemiliani

225 846 294 894 qui
325 856 410 882 non
440 849 600 882 tantum
629 844 908 882 Macedonico
939 843 1114 881 infestus
1136 848 1238 887 erat,
1270 844 1346 880 sed
1376 844 1454 880 toti
1472 843 1560 880 eius
1588 842 1703 880 fami-

226 913 304 950 liae
348 912 453 960 (Cic.
491 913 545 949 de
586 924 643 949 or.
673 912 711 949 11
740 907 854 962 267),
899 912 1015 948 cuius
1052 911 1291 948 Numidicus
1332 911 1476 951 affinis.
1537 911 1703 949 Coelius

225 984 367 1016 autem
394 978 655 1028 Scipionibus
686 990 770 1015 non
800 978 963 1015 uidetur
994 978 1165 1016 fauisse:
1207 991 1304 1016 nam
1335 978 1529 1016 Africano
1559 978 1703 1016 maiori

225 1046 393 1085 laudem
430 1047 557 1096 patris
593 1046 706 1095 apud
736 1041 926 1083 Ticinum
960 1047 1114 1083 seruati
1147 1047 1266 1095 eripit
1308 1046 1420 1084 solus
1456 1058 1504 1084 ac
1535 1046 1704 1096 delegat

225 1116 281 1152 ad
311 1126 478 1152 seruum
508 1115 679 1152 natione
710 1114 904 1163 Ligurem
933 1112 1041 1161 (Liu.
1074 1114 1173 1152 XXI
1202 1114 1270 1165 46,
1314 1112 1394 1164 10),
1427 1114 1471 1152 id
1501 1115 1616 1164 quod
1648 1114 1704 1152 ad

224 1183 387 1220 Aelium
430 1194 524 1219 eum
568 1182 704 1219 malim
751 1182 923 1219 credere
968 1183 1180 1231 scripsisse
1221 1194 1345 1231 quam
1380 1183 1435 1219 ad
1465 1181 1702 1231 Scipionum

223 1256 451 1288 amatorem
482 1261 686 1287 summum
711 1248 756 1287 C.
781 1249 984 1288 Laelium.
1014 1248 1203 1299 Polybius
1236 1248 1292 1299 (X
1307 1260 1346 1298 3,
1366 1249 1407 1298 2)
1439 1250 1548 1287 enim
1578 1250 1702 1288 tradit

222 1317 411 1354 Laelium
443 1317 640 1354 maiorem
677 1317 811 1366 ipsum
848 1317 1061 1366 scripsisse
1102 1329 1126 1353 a
1159 1316 1353 1367 Scipione
1394 1318 1436 1354 in
1477 1329 1617 1367 pugna
1647 1318 1703 1355 ad

222 1385 415 1423 Ticinum
435 1391 646 1423 seruatum
668 1396 760 1422 esse
781 1390 953 1434 patrem.
985 1383 1104 1423 Conf.
1127 1385 1251 1423 etiam
1267 1385 1419 1434 Sieglin
1440 1386 1482 1422 in
1505 1384 1700 1423 Fleckeis.

221 1453 355 1490 annal.
389 1452 446 1490 XI
493 1453 690 1502 supplem.
729 1464 767 1502 p.
801 1451 866 1501 76.
928 1451 1066 1489 Uerba
1105 1453 1146 1489 in
1170 1453 1312 1500 priore
1344 1452 1449 1489 libro
1481 1453 1514 1490 si
1544 1457 1700 1490 certum

220 1527 333 1557 esset
370 1520 485 1569 quod
515 1519 669 1568 Sieglin
697 1521 720 1558 1.
755 1520 779 1556 l.
808 1530 874 1566 41.
902 1529 966 1567 70.
1005 1521 1196 1568 exposuit
1228 1520 1312 1557 duo
1343 1532 1472 1568 opera
1502 1532 1527 1557 a
1557 1519 1699 1557 Coelio

221 1588 372 1637 scripta
403 1598 496 1625 esse
517 1587 687 1625 referret
706 1587 851 1637 aliquis
876 1587 932 1624 ad
962 1598 1066 1637 opus
1088 1592 1275 1636 tempore
1304 1587 1415 1636 prius
1436 1598 1516 1636 quo
1546 1586 1698 1625 bellum

221 1655 420 1693 Punicum
447 1656 499 1692 ab
531 1667 583 1693 eo
610 1661 819 1693 narratum
847 1666 940 1692 esse
971 1655 1039 1692 ille
1070 1655 1324 1704 suspicatur:
1370 1655 1485 1704 quod
1515 1655 1584 1692 uix
1612 1655 1699 1692 fieri
1725 1668 1727 1671 ⁴

218 1734 345 1772 posse
386 1735 454 1761 me
497 1723 657 1761 monuit
703 1723 946 1772 Buecheler.
1023 1722 1169 1773 Itaque
1216 1722 1352 1760 locum
1391 1721 1594 1761 Cornificii
1641 1723 1699 1761 sic

218 1802 370 1828 censeo
402 1792 623 1841 legendum
656 1803 768 1830 esse:
799 1788 908 1840 ‘quo'
934 1788 975 1828 in
1006 1791 1106 1827 uitio
1136 1797 1201 1828 est
1222 1790 1388 1828 Coelius
1419 1791 1625 1835 assiduus,
1653 1798 1696 1828 ut

220 1857 326 1895 haec
353 1865 419 1896 est
449 1857 523 1908 (sc.
554 1857 780 1907 traiectio):

353 1923 417 1964 ‘111
450 1927 586 1975 priore
622 1926 724 1962 libro
765 1926 839 1963 has
876 1937 941 1963 res
979 1927 1035 1963 ad
1076 1931 1118 1963 te
1161 1926 1333 1975 scriptas
1375 1926 1477 1963 Luci
1516 1927 1697 1963 misimus

219 1994 312 2032 Aeli
325 1990 347 2033 ³.

345 2061 574 2112 Scriptores
607 2061 785 2098 Romani
824 2061 894 2110 qui
931 2060 1084 2099 liberae
1129 2061 1187 2098 rei
1218 2061 1409 2111 publicae
1440 2062 1694 2112 temporibus

217 2129 391 2166 floruere
423 2141 517 2166 cum
538 2128 653 2166 locos
672 2140 722 2165 ex
754 2128 841 2165 aliis
865 2128 1129 2177 scriptoribus
1149 2129 1450 2173 exscribebant,
1482 2133 1696 2166 auctorum

217 2207 371 2233 nomen
416 2195 652 2233 adscribere
695 2195 794 2232 satis
840 2194 1072 2233 habebant:
1119 2200 1310 2232 accurate
1353 2195 1536 2233 indicare
1582 2195 1696 2233 cuius

214 2263 303 2301 libri
335 2264 463 2301 uerba
491 2270 646 2309 essent,
674 2269 773 2301 tunc
802 2264 987 2301 nondum
1016 2263 1058 2300 in
1089 2275 1165 2301 usu
1196 2269 1296 2302 erat.
