1894 3403
939 207 987 247 31

372 323 587 364 Postremo
627 325 680 363 de
720 336 766 363 se
811 323 901 374 ipso
948 333 1106 373 suaque
1152 320 1270 371 poesi
1309 319 1489 371 loquitur
1533 318 1714 358 Lucilius

238 406 304 434 uu.
339 403 418 443 527
451 393 485 432 L
522 392 569 432 16
599 393 644 431 M
675 403 759 444 sq.:

349 471 589 521 publicanus
620 482 720 509 uero
750 475 795 508 ut
824 470 947 508 Asiae
977 471 1085 515 fiam,
1117 475 1161 507 ut
1188 469 1481 519 scripturarius,

349 551 424 590 pro
454 539 622 585 Lucilio,
653 539 696 577 id
726 550 805 588 ego
841 538 951 585 nolo,
983 544 1024 577 et
1055 550 1139 576 uno
1168 538 1247 576 hoc
1276 549 1360 576 non
1388 542 1504 575 muto
1535 535 1684 574 omnia.

239 620 399 668 Quibus
429 631 497 657 uu.
530 631 622 657 sese
651 619 807 656 extollit
836 625 882 656 ut
909 625 1076 668 poetam
1106 631 1155 657 ac
1184 619 1314 656 uirum
1341 618 1451 655 clara
1470 617 1610 654 militia
1640 616 1713 652 de-

237 688 421 726 functum
465 700 587 738 super
630 693 838 725 cateruam
880 687 1038 726 illorum
1081 688 1263 737 equitum
1301 686 1594 730 Romanorum,
1643 683 1712 733 qui

236 756 545 806 publicanorum
579 767 747 793 munere
789 755 831 792 in
872 756 1096 805 prouinciis
1137 755 1425 804 fungebantur.
1492 752 1615 790 Unum
1644 752 1714 789 hoc

236 825 351 874 quod
391 823 503 870 dicit,
545 824 720 861 maxime
761 823 924 861 satirica
969 824 1106 873 poesis
1148 829 1224 862 est.
1284 822 1403 862 Conf.
1440 821 1551 860 Pers.
1580 821 1599 858 Ι
1636 830 1706 858 121

235 891 330 929 Hoc
366 888 445 942 ego
475 897 664 941 opertum
701 912 754 918 —
779 890 872 929 Hoc
913 891 1045 928 ridere
1082 903 1230 936 meum,
1268 896 1350 928 tam
1383 889 1452 935 nil,
1493 889 1602 927 nulla
1638 888 1711 925 tibi

236 960 376 997 uendo
420 958 561 998 Iliade.
620 958 770 997 Archil.
813 958 884 1007 frg.
927 957 999 1007 65:
1041 956 1088 997 ἓν
1131 956 1168 997 δ’
1200 955 1429 1006 ἐπίσταμαι
1475 954 1582 1005 μέγα
1623 952 1711 994 Τὸν

235 1027 378 1078 κακῶς
409 1038 459 1077 με
490 1026 659 1078 δρῶντα
689 1026 845 1076 δεινοῖς
876 1023 1206 1077 ἀνταμείβεσθαι
1227 1025 1388 1076 κακοῖς.
1447 1025 1547 1063 Sese
1570 1024 1711 1062 odisse

237 1096 387 1133 clamat
416 1095 658 1145 publicanos
688 1096 757 1144 qui
790 1095 957 1132 sordido
990 1101 1164 1144 quaestu
1194 1100 1371 1133 utantur.
1429 1093 1486 1130 Ut
1516 1094 1604 1138 sim,
1650 1093 1711 1128 in-

238 1163 337 1213 quit,
359 1174 486 1212 eques
506 1162 731 1208 Romanus,
769 1162 1098 1212 splendidissima
1117 1162 1306 1212 profecto
1334 1167 1428 1199 utor
1448 1160 1710 1205 condicione,

235 1231 461 1269 lautissimo
492 1232 621 1270 uictu:

347 1312 402 1350 At
431 1311 654 1357 libertinus,
685 1310 877 1356 tricorius,
911 1309 1031 1359 Syrus
1064 1310 1165 1360 ipse,
1198 1322 1247 1348 ac
1276 1310 1487 1360 mastigias

348 1379 510 1429 quicum
538 1378 764 1428 uersipellis
795 1378 847 1416 fio
879 1383 921 1415 et
948 1378 1014 1427 qui
1045 1390 1137 1416 cum
1169 1384 1375 1416 commuto
1407 1378 1556 1417 omnia.

235 1461 318 1511 (uu.
349 1472 443 1512 529.
484 1473 566 1511 530
595 1463 628 1501 L
669 1462 735 1510 64.
766 1461 818 1510 65
850 1459 925 1512 M.)
984 1463 1122 1511 Atque
1157 1463 1233 1500 hos
1275 1464 1443 1513 quidem
1478 1464 1584 1500 duos
1626 1474 1707 1507 uu„

235 1542 339 1580 quos
382 1531 567 1568 nondum
608 1536 719 1567 recte
751 1530 924 1567 uiderim
959 1530 1188 1568 intellectos
1229 1531 1366 1580 paullo
1397 1531 1586 1568 uberiore
1616 1541 1709 1579 pro-

235 1598 353 1649 sequi
385 1599 732 1636 commentatione
761 1598 803 1635 in
831 1598 968 1635 animo
985 1603 1060 1636 est.
1122 1597 1300 1636 Primum
1321 1611 1413 1636 eam
1429 1610 1552 1648 quam
1573 1597 1707 1647 posui,

236 1667 484 1704 sententiam
508 1678 558 1704 ac
589 1678 672 1704 non
703 1666 823 1704 aliam
853 1666 1135 1703 subiciendam
1167 1667 1293 1704 duco:
1337 1678 1415 1716 ego
1447 1666 1579 1716 inquit
1610 1665 1707 1703 nolo

234 1740 436 1773 mercator
464 1734 560 1779 fieri,
591 1734 719 1784 qualis
749 1733 794 1772 fit
822 1734 1033 1772 libertinus
1064 1740 1105 1772 et
1124 1734 1259 1784 Syrus.
1291 1734 1393 1773 Sunt
1419 1735 1485 1773 isti
1501 1747 1568 1773 uu.
1592 1734 1705 1772 testi-

233 1803 415 1840 monium
435 1803 761 1851 antiquissimum
780 1802 822 1839 ni
842 1802 958 1840 fallor
977 1803 1031 1840 de
1052 1802 1401 1841 Trimalchionum
1431 1809 1473 1840 et
1500 1802 1708 1840 Zoilorum

233 1876 408 1921 quaestu
437 1871 610 1908 sordido
643 1876 684 1907 et
705 1870 880 1907 diuitiis:
915 1881 996 1919 qua
1017 1871 1071 1908 de
1102 1882 1143 1907 re
1167 1870 1273 1910 conf.
1304 1870 1547 1921 Marquardt
1562 1870 1708 1909 Roem.

234 1936 406 1975 Alterth.
421 1936 459 1973 V
483 1948 515 1982 1,
546 1950 584 1987 p.
604 1947 677 1985 172
711 1942 753 1973 et
769 1937 1060 1974 Friedlaender
1077 1934 1287 1977 Darstell.⁴
1313 1938 1333 1975 I
1349 1950 1388 1987 p.
1411 1948 1506 1987 371.
1522 1948 1589 1987 97.
1621 1937 1707 1975 Uo-

235 2003 380 2041 cabulo
402 2001 529 2052 &rus
558 2004 758 2053 significat
788 2016 882 2041 cum
911 2004 1068 2042 seruilis
1086 2005 1339 2042 condicionis
1363 2005 1585 2050 hominem,
1623 2010 1708 2042 tum

234 2072 448 2110 sordidum
478 2073 716 2121 institorem,
749 2084 870 2123 quam
917 2074 972 2110 ad
1013 2085 1097 2110 rem
1142 2074 1240 2111 satis
1288 2080 1350 2112 est
1389 2074 1552 2112 adferre
1580 2074 1708 2123 ipsius

233 2141 358 2177 uerba
389 2153 412 2177 e
442 2141 542 2178 libro
573 2140 667 2179 XV:
699 2170 708 2179 .
741 2172 749 2180 .
783 2171 792 2179 .
831 2137 968 2178 ‘sacer
996 2141 1063 2177 ille
1093 2142 1364 2191 tocoglyphos
1396 2154 1446 2179 ac
1478 2142 1708 2191 Syrophoe-

234 2204 323 2245 nix'
352 2221 388 2248 e.
419 2220 456 2258 q.
489 2220 520 2247 s.
581 2207 729 2246 Cetera
750 2208 876 2246 uerba
906 2208 939 2246 si
970 2208 1186 2258 diligenter
1217 2210 1457 2256 excutimus,
1489 2221 1708 2260 possumus

234 2276 275 2312 ni
317 2276 436 2313 fallor
466 2276 665 2313 Lucilium
703 2282 745 2313 et
788 2277 968 2326 linguam
998 2277 1188 2314 Latinam
1223 2290 1336 2314 nouo
1376 2290 1529 2326 augere
1566 2279 1706 2316 uerb0.
1762 2325 1767 2329 ῃ

234 2342 420 2393 Apparet
460 2344 606 2393 opinor
649 2344 818 2381 subesse
849 2343 989 2381 litteris
1020 2344 1205 2381 tricorius
1249 2344 1419 2382 uerbum
1463 2345 1708 2383 maledicum

235 2411 363 2448 simile
402 2424 451 2449 ac
479 2412 684 2461 mastigias
728 2413 840 2461 quod
869 2412 1022 2449 homini
1062 2412 1244 2450 illiberali
1286 2414 1524 2462 imposuerit
1567 2419 1707 2463 poeta,

235 2490 285 2516 ac
314 2490 458 2517 reuera
492 2480 679 2517 tricorz'us
709 2479 913 2517 eiusmodi
942 2479 1112 2517 uerbum
1142 2485 1219 2525 est,
1263 2481 1390 2518 modo
1433 2486 1545 2518 recte
1580 2480 1709 2530 expli-

235 2552 362 2587 cetur.
422 2548 586 2585 Etenim
623 2549 896 2597 compositum
940 2560 962 2584 e
1003 2548 1137 2585 uerbis
1180 2552 1256 2585 tres
1290 2554 1334 2586 et
1371 2549 1496 2586 corius
1529 2549 1616 2586 siue
1649 2562 1710 2586 co-

232 2615 338 2652 rium
368 2616 481 2665 quod
512 2615 711 2667 significat
745 2627 768 2653 e
800 2615 912 2653 corio
945 2614 1056 2653 facta
1085 2615 1247 2666 flagella
1277 2622 1349 2654 aut
1373 2617 1512 2666 potius
1543 2617 1708 2667 copiam

233 2681 482 2731 flagellorum
519 2689 561 2721 et
590 2683 814 2729 materiam,
860 2683 993 2732 ipsum
1035 2683 1235 2733 significat
1277 2684 1486 2723 hominem
1522 2686 1709 2735 flagritri—

233 2748 342 2795 bam,
391 2751 558 2800 dignum
590 2751 657 2801 qui
688 2751 922 2801 uapulando
963 2751 1037 2788 tria
1068 2752 1179 2789 coria
1207 2752 1402 2801 perimat;
1441 2765 1577 2803 neque
1609 2765 1707 2791 con-

235 2821 297 2855 tra
328 2818 440 2868 leges
472 2818 688 2857 formatum
718 2824 793 2865 est,
825 2820 857 2857 si
889 2819 1054 2870 quidem
1084 2820 1232 2858 dicitur
1265 2820 1513 2858 Trz‘nummus
1548 2821 1708 2860 Tricon-
