1894 3403
959 284 1012 315 20

245 397 375 442 Oleae
405 399 581 442 trublion
611 412 685 453 pro
717 401 810 441 cibo
843 402 1009 440 modico
1040 400 1168 442 Plaut.
1199 400 1322 442 Stich.
1355 399 1394 438 V
1424 411 1463 450 4,
1480 412 1519 452 9,
1549 398 1726 441 familiae

243 472 556 520 pulmentarium
589 470 678 509 Cat.
711 472 751 509 d.
782 483 810 509 r.
841 483 871 508 r.
890 469 962 518 58:
993 471 1213 519 praecipue
1243 469 1349 508 conf.
1373 469 1477 509 Plut.
1508 471 1724 520 dexhtranq.

244 550 310 577 an.
334 550 357 588 3
391 536 510 588 (mor.
525 550 564 588 p.
585 536 667 586 466
686 535 763 587 D):
808 532 858 577 ‘O
879 534 962 587 γὰρ
992 535 1094 587 χθὲς
1125 535 1191 591 ᾠὰ
1220 534 1289 577 καὶ
1319 533 1475 587 ἀμύλια
1504 534 1574 578 καὶ
1593 534 1726 587 σητά-

242 617 360 646 νειον
401 602 535 656 ἄρτον
578 603 798 645 διαπτύων
837 602 1025 654 τήμερον
1064 602 1368 655 αὐτόπυρον
1409 601 1481 646 ἐπ’
1523 603 1724 656 ἐλαίαις

241 671 267 723 ἢ
299 672 579 724 καρδαμίδι
609 674 789 714 σιτεῖται
809 672 1065 724 προσφιλῶς
1096 671 1167 714 καὶ
1183 670 1416 724 προθύμως
1431 673 1473 724 ¹).
1512 673 1725 714 Cuminum
1792 722 1794 724 ¹

244 744 357 792 quod
385 743 449 780 hic
478 743 575 793 pani
615 743 777 781 accedit
816 743 1125 780 condimentum
1156 743 1259 780 sicut
1296 743 1375 780 illic
1409 743 1624 788 cardamis,
1659 755 1725 781 res

241 810 447 856 uilissima,
495 816 539 848 ut
569 811 696 848 uerba
732 811 888 848 comica
919 807 1215 860 κυμινοκίμβιξ,
1261 811 1726 860 κυμινοπριστοκαρδα-

242 876 467 928 μογλύφος
515 891 683 916 auarum
726 877 997 928 significantia
1035 883 1252 917 testantur:
1299 890 1435 928 neque
1478 890 1576 916 uero
1620 879 1725 916 sales

243 959 317 998 pro
352 948 620 987 condimento
651 948 847 986 uilissimo
876 947 1089 993 habentur,
1129 952 1173 984 ut
1204 946 1301 986 Luc.
1332 945 1437 984 Tim.
1471 945 1523 995 56
1554 947 1727 985 demon-

241 1021 354 1055 strat.
415 1016 631 1054 Postremo
662 1017 762 1066 cogit
787 1029 861 1066 pro
891 1016 1043 1053 tradito
1074 1016 1200 1064 coegit
1217 1015 1337 1065 posui
1365 1015 1541 1053 numeris
1572 1022 1615 1053 et
1630 1027 1725 1054 sen-

242 1084 373 1122 tentia
406 1084 662 1135 cogentibus.
724 1084 956 1122 Perfectum
986 1083 1096 1121 enim
1115 1083 1182 1121 uix
1213 1088 1351 1134 aptum
1381 1088 1456 1123 est.

375 1330 500 1369 Libro
532 1330 611 1368 XV
640 1342 722 1381 443
756 1331 789 1369 L
824 1342 875 1380 32
911 1331 955 1369 M

357 1398 432 1434 scit
463 1398 682 1447 poeeticon
713 1409 820 1443 esse,
851 1399 966 1435 uidet
996 1404 1094 1447 toga
1125 1403 1168 1435 et
1198 1397 1333 1435 tunica
1365 1396 1463 1447 quid
1491 1397 1542 1434 sit

244 1464 419 1502 Mueller
451 1466 645 1514 polelz'con
688 1466 860 1515 scripsit,
892 1466 1005 1515 quod
1044 1471 1153 1502 recte
1191 1465 1341 1502 refutat
1372 1464 1513 1501 Keller
1547 1464 1589 1500 in
1618 1463 1723 1503 Mus.

241 1523 376 1570 Rhen'.
405 1532 544 1570 XXXI
581 1544 621 1583 p.
662 1542 758 1581 143;
809 1533 876 1582 qui
896 1533 1092 1582 poeeticon
1138 1532 1192 1569 ad
1222 1531 1369 1582 poesin
1401 1530 1524 1569 refert
1564 1530 1724 1581 dicique

241 1606 375 1648 putat:
433 1599 520 1637 Der
550 1600 686 1638 Weise
728 1602 846 1638 weiss
882 1600 1092 1638 Wahrheit
1135 1601 1221 1637 und
1256 1599 1464 1649 Dichtung
1501 1612 1549 1636 zu
1590 1605 1726 1637 unter-

243 1666 455 1713 schemen,
494 1679 537 1704 er
566 1667 696 1714 weiss,
732 1679 814 1705 was
845 1667 931 1705 Hut
967 1668 1021 1705 ist
1048 1668 1135 1705 und
1165 1678 1247 1704 was
1277 1663 1457 1705 Haube’.
1516 1666 1609 1704 Hoc
1639 1666 1725 1717 qui-

242 1735 341 1772 dem
370 1746 455 1772 non
486 1741 610 1772 recte.
661 1735 915 1773 Sententiam
942 1735 1156 1784 intelleges
1189 1735 1221 1772 si
1242 1733 1542 1785 comparaueris
1564 1734 1725 1773 Alexid.

239 1797 298 1852 (3,
330 1801 411 1850 382
444 1799 611 1853 Mein.):

355 1865 506 1917 Λέγεις
536 1867 634 1919 περὶ
662 1866 724 1909 ὧν
755 1867 834 1909 οὐκ
864 1866 1008 1919 οἶσθα,
1040 1868 1264 1918 συγγενῶς
1294 1866 1460 1918 τρέχων

350 1932 555 1975 Πλάτωνι
586 1934 655 1976 καὶ
683 1934 845 1984 γνώσει
875 1934 1021 1986 λίτρον
1052 1934 1121 1976 καὶ
1151 1933 1429 1986 κρόμμυονῖ).

239 2002 365 2040 Ludit
410 2004 527 2053 igitur
555 2004 825 2055 philosophos
871 2005 1045 2043 Lucilius
1088 2005 1267 2055 inprimis
1309 2004 1569 2042 Platonicos:
1616 2002 1725 2043 conf.

240 2081 347 2119 quae
379 2071 433 2107 de
466 2071 648 2109 Platonis
679 2072 839 2122 placitis
866 2072 994 2111 tradit
1025 2071 1337 2120 Laert.11184:
1369 2068 1456 2121 Τῆς
1487 2068 1725 2121 ἐπιστήμης

240 2134 334 2187 εἴδη
368 2135 460 2178 ἐστὶ
491 2136 606 2189 τρία·
637 2137 687 2180 τὸ
719 2138 796 2190 μὲν
825 2138 908 2190 γάρ
938 2138 1030 2181 ἑστι
1058 2138 1302 2190 πρακτικόν,
1332 2137 1383 2180 τὸ
1414 2138 1462 2194 ζιὲ
1490 2137 1727 2189 ποιητικόν,

236 2203 288 2244 τὸ
334 2205 381 2245 δὲ
412 2205 685 2257 θεωρητικόν.
745 2205 791 2248 Ἡ
839 2207 916 2258 μὲν
963 2206 1046 2258 γὰρ
1078 2205 1325 2258 οἰκοδομικὴ
1372 2206 1442 2248 καὶ
1486 2205 1724 2257 ναυπηγικὴ

239 2273 457 2324 ποιητικαί
488 2273 608 2317 εἰσιν.
667 2273 794 2317 Ἔστι
822 2274 906 2327 γὰρ
937 2273 1083 2317 αὐτῶν
1113 2273 1220 2317 ἰδεῖν
1250 2273 1379 2326 ἔργον
1414 2274 1726 2326 πεποιημένον·

236 2342 430 2391 πολιτικὴ
477 2343 525 2383 δὲ
569 2343 638 2383 καὶ
681 2342 885 2394 αὐλητικὴ
930 2342 1000 2384 καὶ
1030 2343 1293 2394 κιθαριστικὴ
1340 2342 1409 2383 καὶ
1454 2341 1497 2383 αἱ
1534 2343 1727 2384 τοιαῦται

236 2409 491 2460 πρακτικαί·
512 2407 585 2452 ὀὐ
615 2409 698 2463 γάρ
735 2410 854 2453 ἐστιν
893 2410 1023 2454 οὐδὲν
1057 2409 1162 2453 ἰδεῖν
1193 2410 1349 2453 θεατὸν
1380 2408 1524 2453 αὐτῶν
1552 2423 1727 2462 πεποιη-

237 2477 378 2529 μένον,
411 2478 524 2520 ἀλλά
554 2479 795 2530 πράττουσί
824 2494 862 2521 τι
894 2514 902 2522 .
938 2513 945 2521 .
978 2513 986 2521 .
1018 2479 1115 2521 Τῶν
1159 2478 1245 2531 ἄρα
1289 2479 1535 2530 ἐπιστημῶν
1577 2478 1619 2520 αἱ
1650 2479 1727 2530 μέν

375 2681 398 2724 ¹)
424 2683 512 2714 Luc.
538 2682 625 2725 pise.
652 2690 709 2725 45.
742 2684 794 2716 far
828 2694 1008 2717 acetosum
1034 2684 1157 2727 Cynici
1182 2684 1298 2717 cibus:
1338 2684 1440 2716 oleae
1465 2694 1528 2727 pro
1554 2682 1633 2716 cibo
1660 2682 1726 2716 uili

237 2740 356 2772 Laert.
383 2742 419 2773 ΙΙ
449 2749 514 2783 129
556 2742 651 2776 Plut.
679 2743 723 2775 de
750 2743 850 2777 sanit.
876 2754 991 2786 praee.
1020 2755 1093 2788 cap.
1111 2753 1130 2787 7
1158 2743 1258 2787 (mor.
1284 2755 1317 2787 p.
1344 2750 1406 2786 125
1436 2741 1490 2787 F).
1539 2742 1644 2776 Panis
1665 2742 1725 2775 de-

236 2810 418 2839 cumanus,
446 2801 536 2834 sicut
552 2802 748 2835 decumana
764 2813 842 2841 oua,
872 2803 1086 2835 decumanus
1103 2803 1286 2846 acipenser
1304 2803 1397 2845 apud
1412 2803 1603 2836 Lucilium:
1631 2802 1724 2845 apud

232 2859 457 2892 Macrobium
483 2862 538 2893 III
568 2870 621 2901 19,
651 2862 671 2894 6
698 2862 812 2905 pirum
839 2863 1071 2895 decimanum.

373 2917 400 2959 2)
428 2919 529 2954 Conf.
544 2921 701 2964 Epicrat.
729 2929 761 2962 3,
777 2929 857 2963 370,
887 2922 946 2953 ubi
973 2921 1157 2964 colocynta
1182 2921 1268 2964 quid
1287 2921 1331 2953 sit
1346 2920 1519 2953 definiunt
1536 2920 1722 2953 Platonici.
