1894 3403
861 199 907 242 17

142 316 331 368 Quorum
360 328 549 354 uersuum
580 322 804 370 egtremum
825 316 1035 366 quomodo
1055 312 1234 364 intellegi
1264 310 1467 351 noluerint
1494 309 1618 352 tacite
1649 337 1652 340 ·

140 387 369 427 indicarunt
399 386 577 424 editores
607 384 743 423 uerbis
785 384 826 422 in
857 385 933 422 tria
965 383 1056 422 cola
1084 384 1142 421 ita
1172 382 1372 431 dissectis,
1408 388 1454 420 ut
1482 382 1619 420 omnia

140 467 246 507 quae
273 454 611 493 antecedentibus
651 453 839 492 uersibus
872 452 1099 503 culpauerit
1143 458 1270 502 poeta
1303 451 1483 489 clamitet
1526 462 1618 489 esse

143 524 280 563 omnia
309 524 414 569 ficta,
444 523 529 562 ueri
560 522 670 568 nihil,
702 522 871 572 pergula
884 522 1085 572 pictorum
1096 518 1140 571 ¹).
1172 520 1256 559 Sed
1276 520 1476 570 pictorum
1506 531 1619 557 men·

139 592 295 629 tionem
324 590 407 627 fieri
437 590 660 639 probarem.
677 589 710 626 si
731 595 856 627 antea
886 590 940 626 de
961 589 1205 626 Acherontis
1237 587 1423 625 fabulosa
1449 587 1617 635 regione

141 664 341 709 ageretur,
374 658 485 696 uelut
511 657 623 707 apud
640 655 954 706 Lucr.111627:
984 656 1095 706 atqui
1116 656 1156 693 in
1186 667 1259 693 eos
1283 660 1454 705 apparet
1484 653 1618 691 invehi

141 727 390 777 scriptorem,
422 726 488 774 qui
519 725 797 774 superstitiosa
819 724 1081 761 ueneratione
1107 723 1490 773 signorumridiculi
1506 727 1611 760 sunt.

139 794 284 844 Itaque
310 793 406 830 nihil
424 792 642 842 Polygnoti
663 793 717 829 ad
738 797 921 828 nostrum
952 791 1100 835 locum,
1132 792 1209 827 sed
1230 790 1427 839 Polycleti
1447 789 1617 826 Phidiae

140 861 219 907 alii,
239 872 375 911 neque
389 859 716 897 terriculamenta
734 859 811 895 ista
824 858 1192 907 superstitiosorum
1206 869 1259 894 ne
1276 858 1428 894 omisso
1450 857 1616 907 quidem

139 928 342 967 uocabulo
361 928 494 965 ahenis
509 927 589 965 dici
617 931 791 976 possunt
811 937 913 976 opus
928 926 1128 975 pictorum
1145 926 1221 964 sed
1227 924 1424 974 fictorum.
1456 925 1614 963 Audias

141 995 244 1035 Plut.
277 996 331 1033 de
362 1001 531 1045 superst.
562 993 588 1032 6
616 991 734 1044 (mor.
765 1006 804 1043 p.
841 992 915 1043 167
945 993 1021 1034 El:
1083 990 1186 1033 Εἶτα
1216 990 1506 1042 χαλκοτύποις
1538 991 1615 1042 μὲν

142 1061 216 1113 (sc.
248 1059 288 1101 οἱ
326 1058 658 1110 δεισιδαίμονες)
701 1058 919 1100 πείθονται
949 1058 1018 1099 καὶ
1048 1058 1261 1109 λιθοξόοις
1293 1058 1363 1099 καὶ
1401 1056 1616 1110 κηροπλά-

141 1139 265 1179 σταις
296 1126 649 1179 ἀνθρωπόμορφα
678 1129 763 1168 τῶν
793 1129 903 1167 θεῶν
932 1127 985 1167 τὰ
1015 1126 1195 1177 σώματα
1226 1125 1335 1167 εἶναι
1351 1127 1420 1167 καὶ
1436 1129 1615 1167 τοιαῦτα

139 1194 375 1237 πλάττουσι
404 1194 473 1236 καὶ
501 1193 869 1247 κατασκευάζουσι
898 1194 968 1236 καὶ
998 1196 1310 1246 προσκυνοῦσι·
1352 1194 1615 1247 φιλοσόφων

141 1264 189 1304 δὲ
218 1263 287 1304 καὶ
307 1265 535 1304 πολιτικῶν
566 1262 733 1313 ἀνδρῶν
757 1264 1107 1313 καταφρονοῦσιν
1128 1264 1214 1302 κτλ.
1273 1264 1381 1301 Dein
1403 1265 1617 1302 Zenonem

141 1333 252 1382 apud
273 1332 450 1370 eundem
465 1333 518 1370 de
537 1331 660 1370 Stoic.
692 1344 857 1384 repugn.
874 1331 898 1370 6
918 1327 1037 1383 (mor.
1055 1343 1094 1381 p.
1120 1341 1224 1380 1034
1243 1328 1318 1382 B):
1351 1327 1444 1371 εἶτα
1475 1329 1615 1382 δόγμα

141 1397 347 1449 Ζήνωνός
377 1398 494 1440 ἐστιν
524 1397 617 1449 ἰερὰ
647 1400 757 1440 θεῶν
788 1398 842 1449 μὴ
872 1396 1133 1449 οἰκοδομεῖν·
1163 1397 1283 1448 ἱερὸν
1313 1398 1396 1449 γὰρ
1428 1398 1481 1449 μὴ
1513 1401 1617 1440 πολ-

142 1467 220 1507 λοῦ
257 1463 376 1508 ἄξιον
412 1465 481 1506 καὶ
510 1464 632 1515 ἅγιον
663 1464 742 1506 οὐκ
771 1464 907 1506 ἔστιν·
948 1463 1188 1516 οἰκοδόμων
1218 1462 1255 1506 δ’
1287 1464 1416 1516 ἔργον
1446 1465 1515 1507 καὶ
1546 1468 1617 1518 βα-

142 1532 315 1575 ναύσων
353 1532 481 1574 οὐδέν
511 1533 603 1574 ἐστι
633 1534 799 1574 πολλοῦ
831 1531 960 1575 ἄξιον.
1031 1534 1137 1571 Huic
1167 1541 1422 1573 correcturae
1452 1548 1533 1585 qua
1575 1536 1618 1573 in

143 1602 289 1640 codice
319 1602 561 1640 Taurinensi
590 1603 657 1652 qui
686 1603 883 1652 praebeat
911 1603 1038 1639 omnia
1058 1603 1169 1650 picta
1199 1602 1259 1639 bis
1292 1614 1394 1652 opus
1425 1609 1489 1640 est
1518 1615 1615 1640 con-

142 1669 328 1719 iungatur
360 1669 442 1708 alia
483 1670 606 1707 totius
636 1681 775 1707 uersus
806 1670 1100 1719 interpretatio,
1160 1668 1356 1707 Nimirum
1400 1682 1479 1719 ego
1528 1671 1614 1721 qui-

143 1737 240 1774 dem
268 1749 376 1786 nego
408 1737 618 1775 simulacra
638 1739 809 1775 deorum
838 1749 961 1787 posse
992 1738 1072 1775 dici
1094 1738 1270 1786 pergula
1289 1737 1472 1776 fictorum
1506 1740 1616 1777 uelut

142 1803 176 1841 si
206 1803 393 1842 dieantur
424 1811 517 1854 opus
545 1804 744 1845 fictorum:
788 1817 884 1843 nam
927 1804 1094 1855 pergula
1136 1817 1230 1855 pars
1260 1804 1433 1844 aedificii
1460 1806 1526 1844 uel
1555 1812 1617 1845 ta-

141 1872 267 1909 berna
297 1878 373 1917 est‚
403 1873 444 1910 in
473 1885 553 1923 qua
584 1873 754 1911 artifices
788 1885 889 1923 opus
921 1873 1127 1911 faciebant
1158 1879 1201 1910 et
1230 1875 1378 1912 uenale
1408 1887 1615 1924 propone-

141 1938 253 1985 bant,
286 1940 478 1978 doctores
509 1940 729 1980 docebant.
778 1940 1018 1990 Marquardt
1039 1940 1185 1979 Roem.
1208 1940 1381 1980 Alterth.
1399 1940 1437 1978 V
1465 1952 1478 1978 1
1499 1953 1538 1991 p.
1562 1951 1615 1991 93

142 2006 227 2045 qu.
260 2007 317 2044 XI
352 2004 463 2057 137):
509 2008 661 2057 templa
691 2008 857 2057 quidem
886 2009 975 2057 ipsa
1003 2014 1103 2057 puto
1133 2008 1272 2045 uocari
1303 2020 1429 2057 posse
1461 2010 1512 2046 ab
1542 2009 1616 2046 ho-

141 2074 249 2112 mine
265 2074 477 2113 simulacra
497 2075 668 2113 deorum
696 2076 927 2114 insectante
947 2076 1137 2126 pergulas
1159 2076 1362 2126 opificum,
1391 2077 1508 2126 signa
1528 2077 1617 2127 ipsa

140 2154 263 2191 nego.
325 2142 502 2192 pergula
538 2156 619 2181 uox
646 2144 816 2193 primum
846 2145 957 2194 apud
987 2144 1174 2181 Plautum
1204 2144 1417 2191 (Pseudol.
1452 2155 1532 2192 214
1563 2144 1617 2192 R)

143 2209 312 2246 occurrit
328 2210 477 2246 eadem
497 2209 788 2259 significatione
809 2222 890 2260 qua
904 2208 1253 2259 ἐργαστήριον
1274 2212 1385 2261 apud
1399 2211 1616 2249 Demosth.

142 2282 268 2316 contr.
300 2276 446 2317 Neaer.
478 2276 529 2327 67
541 2276 588 2326 ²).
646 2277 791 2328 Itaque
821 2265 1079 2315 scribendum
1109 2289 1200 2315 esse
1231 2278 1405 2316 arbitror

253 2350 423 2399 pergula
452 2350 635 2388 fictorum
663 2351 748 2388 ueri
777 2350 886 2395 nihil,
918 2351 1056 2387 omnia
1085 2351 1182 2388 fieta

278 2532 305 2576 ¹)
332 2534 387 2565 De
402 2534 573 2566 sententia
587 2534 677 2567 conf.
693 2534 788 2567 Plut.
804 2534 849 2566 de
868 2539 1016 2577 superst.
1028 2543 1049 2575 4
1064 2537 1205 2578 (mor.p.
1217 2536 1283 2568 166
1291 2535 1351 2580 F):
1377 2536 1616 2581 Ἔστιδούλῳ

142 2590 318 2635 φεύξιμος
345 2592 479 2636 βωμός,
507 2593 586 2628 ἔστι
610 2594 671 2628 καὶ
692 2594 847 2638 λῃσταῖς
878 2593 1041 2638 ἀβέβηλα
1074 2594 1195 2630 πολλὰ
1220 2598 1301 2630 τῶν
1326 2595 1439 2640 ἱερῶν
1466 2597 1526 2631 καὶ
1551 2607 1618 2631 πο-

142 2650 292 2693 λεμίους
317 2653 534 2696 φεύγοντες,
568 2653 614 2687 ἂν
646 2653 859 2695 ἀγάλματος
891 2654 1091 2697 λάβωνται,
1127 2657 1348 2698 θαρροῦσιν·
1383 2657 1404 2690 ὁ
1437 2656 1478 2690 δὲ
1510 2657 1618 2690 δεισι-

144 2708 288 2751 δαίμων
313 2713 434 2745 ταῦτα
461 2712 620 2754 μάλιστα
645 2711 791 2755 φρίττει
820 2713 879 2746 καὶ
904 2714 1077 2755 φοβεῖται
1102 2715 1163 2747 καὶ
1188 2714 1357 2749 δέδοικεν
1384 2717 1460 2749 κτλ.

281 2769 319 2812 2),
335 2770 426 2801 Dem
452 2770 476 2803 l.
502 2771 526 2804 1.
554 2770 691 2804 ὁπόσαι
716 2770 762 2804 ἂν
788 2769 845 2804 ἐπ’
873 2770 1123 2815 ἐργαστηρίου
1150 2774 1339 2807 καθῶνται
1360 2788 1401 2803 =
1430 2774 1488 2807 ἐπ’
1515 2772 1618 2816 οἰκή-

145 2836 261 2876 uon-05
286 2830 477 2863 καθῶνται
504 2828 555 2874 (in
581 2829 747 2874 fornice):
775 2831 897 2864 Herm.
928 2831 985 2863 Gr,
1017 2832 1160 2875 Antiqu.
1186 2833 1243 2864 III
1269 2830 1289 2877 ξ
1319 2841 1375 2874 29,
1406 2841 1458 2866 10.

1329 2901 1348 2924 2
