1894 3403
874 243 899 281 9

157 369 255 397 casu
297 357 407 396 facta
450 358 527 396 sed
570 356 622 394 ab
648 355 817 393 homine
853 354 1093 393 doctissimo
1137 359 1232 404 post
1261 353 1402 392 Lucilii
1447 358 1630 392 aetatem

152 427 320 465 inuenta
363 438 478 471 esse,
523 425 590 476 qui
633 423 751 463 XVII
792 424 947 462 litteras
990 435 1015 460 a
1046 436 1064 460 e
1092 423 1111 460 i
1136 435 1155 460 0
1181 436 1205 460 u
1225 422 1267 476 f
1290 423 1308 460 l
1334 435 1370 460 m
1400 435 1426 460 n
1456 435 1481 460 r
1505 435 1525 459 s
1555 421 1576 460 b
1597 427 1630 471 p

154 507 173 531 c
198 506 230 543 g
253 493 283 530 d
307 497 324 530 t
348 505 430 531 uno
461 494 605 530 ordine
635 491 1006 541 comprehenderit,
1036 491 1061 528 h
1091 491 1114 527 k
1147 503 1170 539 q
1199 504 1233 528 x
1262 491 1437 541 reliquas
1466 503 1519 528 ex
1549 490 1628 528 hoc

153 562 298 600 ordine
328 561 495 600 eiecerit
510 559 555 611 ¹),
590 560 687 598 nihil
716 561 801 597 ueri
832 560 995 598 similius
1025 565 1104 606 est,
1151 572 1272 610 quam
1301 560 1357 600 M.
1389 560 1628 598 Terentium

153 627 384 666 Uarronem
412 628 568 666 illorum
599 627 809 664 nominum
838 639 932 664 esse
961 614 1230 672 inuentorem,
1263 640 1384 677 quem
1412 628 1488 665 has
1517 628 1627 677 ipsas

152 695 269 734 XVII
304 701 463 734 tanturn
502 696 657 733 litteras
703 695 938 744 agnouisse,
982 695 1005 732 k
1047 708 1070 744 q
1101 706 1135 731 x
1178 701 1222 732 ut
1252 695 1486 746 superfluas,
1529 694 1554 731 h
1583 699 1627 732 ut

151 767 294 800 notam
338 774 387 801 ac
431 775 516 800 non
546 763 721 800 litteram
755 762 928 799 eiecisse
973 762 1127 811 passim
1169 763 1359 799 traditum
1404 768 1469 800 est
1499 762 1626 799 modo

151 831 296 869 addito
326 830 521 869 Uarronis
550 830 716 869 nomine
745 831 874 868 modo
904 830 1079 870 omisso:
1113 829 1273 880 Sergius
1302 829 1362 868 IV
1391 842 1431 881 p.
1454 840 1549 879 519,
1578 841 1621 868 11

151 900 162 915 ‘
176 904 357 943 Litterae
395 904 567 943 Latinae
612 916 704 942 cum
734 903 875 941 XXIII
908 904 1002 949 sint,
1048 902 1178 941 Uarro
1216 904 1332 941 XVII
1369 904 1468 942 dicit
1510 916 1638 953 esse;>

152 978 308 1012 ceteras
353 973 574 1023 superfluas
617 977 732 1023 putat
747 968 768 1012 ³.
838 972 1028 1011 Priscian.
1059 972 1100 1010 II
1138 985 1177 1023 p.
1215 983 1275 1021 13,
1309 971 1332 1010 8
1377 968 1624 1028 ‘Auctoritas

152 1052 314 1091 quoque
343 1045 427 1078 tam
458 1038 650 1077 Uarronis
681 1051 804 1090 quam
833 1039 960 1077 Macri
989 1044 1093 1077 teste
1125 1038 1349 1077 Censorino
1387 1052 1464 1077 nec
1492 1039 1518 1076 k
1547 1052 1625 1077 nec

151 1122 179 1159 q
207 1121 284 1147 nec
314 1108 339 1146 h
358 1109 411 1157 ‘in
440 1121 609 1146 numero
641 1108 807 1146 adhibet
836 1103 1082 1147 litterarum'.
1143 1107 1328 1147 Cassiod.
1359 1120 1411 1146 ex
1442 1106 1623 1146 Cornuto

152 1175 230 1212 VII
259 1187 298 1225 p.
336 1175 409 1224 153
457 1172 524 1212 ‘In
554 1175 654 1212 libro
689 1176 756 1225 qui
786 1181 850 1213 est
885 1177 937 1212 de
967 1176 1228 1224 grammatica
1258 1174 1402 1219 Uarro,
1448 1187 1539 1212 cum
1569 1176 1623 1211 de

150 1244 286 1281 litteris
317 1244 546 1288 dissereret,
578 1239 670 1294 [ita]
698 1243 723 1280 h
740 1243 843 1281 inter
874 1243 1023 1281 litteras
1044 1256 1128 1281 non
1144 1255 1237 1281 esse
1253 1243 1480 1293 disputavit,
1511 1244 1624 1293 quod

150 1310 274 1348 multo
305 1310 435 1348 minus
466 1310 620 1356 mirum,
669 1322 791 1360 quam
821 1311 932 1360 quod
963 1323 987 1347 x
1018 1322 1180 1360 quoque
1211 1311 1382 1347 litteram
1422 1322 1516 1347 esse
1548 1323 1624 1347 ne-

149 1374 248 1427 gat’.
281 1377 435 1416 Charis.
465 1378 484 1415 I
513 1390 552 1427 p.
572 1377 609 1423 8,
638 1389 699 1425 14.
726 1377 774 1415 16
805 1377 972 1417 Diom.I
1002 1390 1040 1427 p.
1058 1387 1219 1425 423,31
1255 1374 1459 1425 ‘Quidam
1474 1377 1622 1415 Latino

150 1446 326 1484 sermoni
356 1444 538 1484 sufficere
573 1446 717 1483 decem
746 1450 788 1482 et
815 1450 973 1495 septem
1001 1445 1151 1483 litteras
1173 1445 1442 1491 crediderunt,
1475 1446 1508 1483 si
1537 1445 1621 1495 qui-

149 1515 245 1551 dem
286 1526 337 1551 ex
376 1514 516 1563 uiginti
550 1519 592 1550 et
620 1513 742 1551 tribus
771 1526 853 1551 una
883 1514 1165 1562 adspirationis
1208 1519 1306 1551 nota
1335 1519 1410 1558 est,
1456 1513 1495 1558 h,
1540 1525 1623 1550 una

149 1581 311 1632 duplex,
336 1593 375 1626 X,
412 1582 517 1619 duae
548 1592 836 1631 superuacuae,
876 1579 901 1617 k
930 1586 972 1618 et
1001 1593 1040 1631 q,
1079 1581 1186 1618 duae
1217 1580 1416 1626 Graecae,
1446 1593 1471 1630 y
1501 1586 1544 1617 et
1568 1577 1620 1619 z’.

148 1649 298 1687 Donat.
328 1649 454 1698 IVp.
487 1647 580 1697 368,
618 1658 678 1687 12.
711 1648 822 1696 Serg.
854 1648 912 1685 IV
940 1661 979 1698 p.
1010 1659 1106 1698 477,
1146 1660 1205 1696 14.
1240 1659 1303 1688 20.
1338 1648 1403 1687 26.
1436 1648 1620 1698 Pompei.

147 1716 186 1753 V
233 1728 271 1766 p.
310 1727 400 1761 111,
431 1715 456 1753 6
500 1715 601 1753 Mar.
632 1714 822 1753 Uictorin.
874 1714 930 1752 VI
973 1727 1014 1764 p.
1048 1725 1085 1762 5,
1131 1726 1194 1763 24.
1228 1725 1293 1764 27.
1337 1715 1531 1755 Uictorin.
1563 1716 1622 1752 VI

146 1794 185 1832 p.
209 1793 298 1831 195,
336 1794 395 1832 19.
433 1781 522 1834 196,
550 1793 582 1822 1.
610 1781 760 1831 Hagen
790 1783 933 1821 anecd.
965 1782 1129 1821 Heluet.
1159 1795 1197 1832 p.
1232 1792 1325 1830 225,
1357 1781 1397 1821 6.
1456 1781 1620 1830 Quintil.

146 1849 164 1887 I
193 1861 233 1899 4,
265 1861 302 1900 9.
337 1871 387 1877 -—
420 1849 555 1889 Causa
583 1861 663 1900 qua
692 1850 790 1887 moti
819 1850 996 1900 quidam,
1028 1849 1066 1889 h.
1096 1863 1132 1889 e.
1164 1849 1294 1888 Uarro
1333 1850 1504 1900 eiusque
1534 1862 1620 1888 sec-

146 1923 298 1956 tatores
327 1918 350 1955 k
380 1918 403 1955 k
433 1931 456 1967 q
487 1931 521 1955 x
549 1919 794 1957 remouerint
824 1919 973 1969 ubique
1002 1920 1210 1965 indicatur,
1250 1921 1361 1970 quod
1390 1920 1415 1957 h
1445 1932 1530 1958 non
1560 1920 1618 1958 lit·

145 1990 233 2023 tera
282 1986 357 2023 sed
403 1985 656 2035 aspirationis
706 1991 803 2023 nota
849 1986 1097 2024 existimetur
1145 1983 1265 2038 (Mar.
1308 1986 1459 2025 Uictor.
1499 1987 1524 2025 l.
1561 1984 1620 2035 1.),

146 2053 257 2102 quod
291 2053 379 2090 uice
411 2053 434 2089 k
465 2058 507 2090 et
544 2066 568 2101 q
607 2053 824 2091 litterarum
864 2054 993 2103 possit
1029 2067 1047 2090 c
1079 2054 1190 2103 fungi
1229 2052 1342 2102 (Ter.
1376 2054 1511 2094 Scaur.
1544 2054 1621 2092 VII

144 2132 183 2170 p.
219 2130 280 2167 14,
318 2130 378 2159 12.
414 2130 478 2170 27,
516 2117 596 2166 18),
639 2121 750 2171 q'uod
779 2133 813 2157 x
843 2120 993 2170 duplex
1039 2121 1167 2159 littera
1198 2122 1260 2166 sit,
1304 2134 1385 2172 qua
1414 2122 1497 2160 nilo
1528 2122 1618 2172 plus

144 2187 398 2236 indigeamus
428 2200 551 2237 quam
580 2199 613 2236 ψ
634 2188 763 2225 littera
780 2188 1030 2225 Graecorum
1063 2186 1244 2238 (Quintil.
1263 2190 1287 2227 l.
1310 2186 1377 2240 l.):
1408 2191 1619 2228 nominum

145 2254 415 2305 discrepantia
429 2268 628 2306 nusquam
656 2268 729 2306 pro
746 2262 985 2305 argumento
1016 2257 1187 2306 ponitur,
1219 2258 1296 2296 nisi
1325 2258 1365 2295 in
1382 2257 1618 2308 fragmentis

144 2322 413 2361 Bobiensibus
445 2323 495 2364 G.
527 2324 572 2363 L.
604 2325 669 2363 ed.
700 2324 795 2362 Keil
824 2324 901 2362 VH
931 2337 968 2374 p.
992 2334 1087 2376 539,
1124 2324 1239 2374 12²):
1299 2323 1484 2377 ‘Antiqui
1500 2326 1619 2365 XVII

144 2390 294 2429 litteras
326 2392 433 2430 solas
463 2391 681 2431 habebant.
712 2392 738 2430 h
769 2392 794 2430 k
820 2405 846 2443 q
871 2399 973 2443 x'yz
1003 2394 1115 2444 quod
1130 2406 1266 2445 neque
1281 2395 1447 2433 uocales
1480 2400 1620 2433 essent

144 2471 279 2508 neque
305 2460 357 2496 ab
388 2473 413 2497 e
441 2460 679 2498 inchoarent
706 2466 750 2498 ut
779 2461 1058 2507 semiuocales,
1089 2475 1225 2512 neque
1255 2463 1297 2500 in
1318 2477 1343 2501 e
1370 2464 1617 2507 desinerent,

144 2530 188 2562 ut
216 2531 365 2571 mutae,
404 2532 528 2564 tenax
562 2527 656 2564 artis
685 2533 865 2566 uetustas
895 2529 1046 2579 respuit
1076 2530 1151 2567 sed
1186 2530 1377 2569 illecebra
1411 2531 1616 2569 suauitatis

144 2590 338 2634 admisit³.
401 2593 519 2642 Quae
548 2595 798 2645 ineptissima
827 2608 921 2634 esse
951 2597 1118 2647 planum
1148 2603 1222 2637 est.

279 2750 303 2793 ¹)
328 2751 588 2784 Animaduertit
622 2752 809 2796 Pompeius
847 2754 882 2786 V
911 2765 945 2796 p.
976 2762 1054 2798 101,
1083 2754 1123 2787 18
1163 2755 1308 2797 Sergius
1332 2757 1388 2790 IV
1425 2768 1459 2801 p.
1487 2758 1569 2800 478,
1596 2766 1615 2790 2

143 2807 288 2842 istarum
312 2809 508 2842 litterarum
533 2821 637 2854 quam
662 2811 859 2844 nominibus
884 2813 1061 2856 patiuntur
1088 2814 1338 2848 exclusionem.

276 2868 305 2916 ²)
333 2869 498 2905 Similiter
522 2875 644 2915 peccat
670 2871 838 2907 Priscian.
868 2873 905 2905 11
930 2884 964 2918 p,
996 2882 1049 2914 11,
1080 2883 1133 2916 14.
