1894 3403
285 917 387 964 VII.
428 918 524 965 DE
561 918 1045 968 DEDICATIONE
1082 919 1442 969 LIBRORVM
1477 922 1579 970 AD

333 1007 681 1057 STILONEM
721 1009 913 1071 QVAE
956 1010 997 1057 F
1001 1009 1185 1058 ALSO
1223 1010 1538 1065 SVMITVR.

330 1154 545 1193 Postremo
589 1166 672 1193 uno
709 1167 831 1193 uersu
877 1155 1075 1194 Lucilium
1119 1156 1351 1205 priuaturus
1398 1167 1488 1194 sum
1531 1167 1668 1206 neque

193 1224 338 1272 opinor
357 1224 553 1259 inuitum:
586 1229 650 1259 est
671 1224 780 1259 enim
801 1224 983 1260 omnium
1014 1236 1117 1272 quos
1139 1225 1237 1260 noui
1258 1224 1415 1268 Lucilii,
1447 1226 1571 1261 immo
1590 1225 1669 1262 La-

192 1292 372 1329 tinorum
401 1302 545 1328 uersus
577 1290 792 1340 pessimus.
853 1290 1048 1341 Legimus
1079 1291 1119 1329 in
1152 1291 1377 1330 editoribus
1410 1297 1453 1330 et
1470 1290 1671 1331 Cornificii

191 1359 249 1395 IV
286 1358 333 1394 18
363 1364 404 1395 et
437 1358 582 1395 Lucilii
619 1369 721 1395 1012
750 1350 824 1405 'LI
847 1370 869 1406 3
901 1359 944 1396 M
976 1356 1051 1396 ‘Et
1082 1360 1113 1396 si
1143 1361 1360 1397 uerborum
1388 1361 1671 1398 traiectionem

193 1426 429 1471 uitabimus,
460 1426 537 1463 nisi
568 1437 676 1476 quae
714 1426 789 1463 erit
820 1426 1037 1470 concinna,
1082 1439 1163 1476 qua
1193 1427 1247 1464 de
1292 1439 1334 1464 re
1372 1427 1577 1476 posterius
1610 1427 1668 1464 lo-

192 1506 375 1542 quemur,
408 1506 490 1543 quo
532 1494 574 1530 in
604 1494 704 1530 uitio
744 1500 805 1530 est
840 1494 1018 1531 Lucilius
1048 1495 1237 1531 assiduus
1284 1501 1329 1531 ut
1374 1495 1477 1532 haec
1522 1502 1585 1532 est
1627 1496 1669 1533 in

191 1562 326 1612 priore
373 1561 492 1599 libro:
538 1560 626 1599 Has
680 1573 744 1598 res
788 1561 843 1599 ad
890 1567 931 1599 te
975 1560 1145 1612 scriptas
1185 1560 1286 1600 Luci
1331 1560 1512 1600 misimus
1544 1558 1666 1602 Aeli'.

191 1630 323 1668 Multa
353 1631 395 1667 in
426 1630 487 1667 his
519 1631 655 1667 uerbis
691 1643 758 1667 me
797 1630 1067 1668 uehementer
1103 1631 1329 1670 offendunt.
1391 1630 1569 1668 Primum
1598 1632 1668 1681 qui

192 1699 326 1748 potuit
357 1699 441 1735 fieri
478 1704 523 1735 ut
555 1696 794 1735 Cornificius
835 1698 992 1735 diceret
1036 1695 1097 1735 ‘in
1127 1699 1260 1748 priore
1292 1695 1423 1744 libro'‚
1467 1711 1557 1736 cum
1588 1699 1669 1736 sint

192 1768 256 1804 uel
291 1767 367 1803 tria
397 1766 609 1803 uolumina
639 1765 704 1803 uel
735 1766 900 1814 triginta
926 1766 1018 1803 libri
1051 1764 1223 1804 Lucilii?
1274 1766 1378 1803 Nam
1411 1767 1524 1816 quod
1556 1768 1665 1804 Acro

189 1836 245 1872 ad
275 1834 375 1872 Hor,
407 1838 483 1871 sat.
515 1833 553 1869 11
590 1844 623 1877 1,
658 1843 706 1870 22
741 1833 864 1870 habet
903 1829 961 1870 ‘in
992 1833 1125 1882 priore
1159 1833 1259 1869 libro
1297 1833 1421 1870 etiam
1452 1832 1630 1870 Lucilius
1643 1829 1666 1881 ²,

188 1914 212 1939 a
244 1901 290 1939 C.
322 1902 369 1939 F.
402 1901 642 1942 Hermanno
704 1901 846 1938 Lucilii
886 1913 1039 1938 nomen
1075 1906 1188 1938 recte
1233 1901 1415 1938 deletum
1445 1906 1510 1938 est
1540 1899 1665 1948 (conf.

187 1969 363 2006 Mueller
398 1969 497 2006 edit.
528 1981 566 2016 p.
605 1965 712 2016 167).
772 1967 881 2005 Dein
927 1974 970 2004 ut
1016 1968 1136 2005 fuerit
1166 1968 1346 2005 Lucilius
1392 1969 1518 2005 durus
1553 1980 1666 2006 com—

187 2049 343 2087 ponere
377 2048 535 2081 uersus,
567 2036 645 2074 iste
686 2041 770 2074 tam
808 2035 958 2073 foedus
989 2042 1054 2073 est
1083 2035 1335 2081 hexameter,
1381 2041 1424 2073 ut
1468 2047 1548 2086 ego
1598 2035 1663 2073 uel

186 2106 416 2144 trochaicos
459 2115 655 2142 numeros
699 2104 853 2154 fingere
893 2104 1041 2142 malim.
1105 2102 1232 2150 Quod
1277 2104 1388 2141 idem
1432 2104 1506 2141 uiri
1552 2104 1666 2141 docti

187 2171 470 2222 Lachmann1)
513 2171 687 2210 Mueller
718 2171 918 2210 Dziatzko
949 2172 1013 2210 alii
1041 2171 1329 2221 intellegentes
1370 2172 1499 2210 uerba
1533 2171 1666 2209 multi-

187 2242 329 2279 fariam
360 2245 724 2289 transposuerunt:
756 2252 865 2289 quae
896 2240 1148 2277 emendandi
1174 2241 1393 2277 conamina
1423 2251 1664 2277 enumerare

185 2321 270 2347 non
302 2308 436 2356 refert,
470 2320 562 2346 cum
593 2307 690 2345 nihil
721 2308 761 2345 in
790 2320 835 2346 re
880 2307 1020 2345 critica
1050 2307 1319 2357 periculosius
1359 2308 1409 2344 sit
1440 2307 1664 2356 transposi-

185 2378 377 2415 tionibus.
438 2376 547 2414 Tum
578 2388 651 2414 cur
681 2376 849 2413 omnino
883 2382 1050 2425 poetam
1092 2376 1315 2425 appellauit
1347 2374 1588 2413 Cornificius
1619 2375 1661 2412 in

184 2445 492 2483 traiectionibus
538 2441 818 2493 castigandis?
884 2444 1017 2483 Nemo
1066 2449 1193 2494 poeta
1234 2443 1361 2481 uerba
1404 2455 1488 2481 non
1533 2444 1664 2481 traicit

183 2525 320 2563 neque
349 2513 390 2550 in
425 2524 548 2550 uersu
581 2512 726 2550 Lucilii
757 2512 838 2550 ulla
869 2518 987 2562 paret
1018 2512 1196 2550 audacia
1227 2523 1320 2549 cum
1352 2511 1501 2549 scribit‘
1537 2507 1664 2548 ‘Luci

184 2581 367 2619 misimus
399 2577 531 2619 Aeli':
564 2580 673 2621 conf.
703 2580 824 2618 Ennii
855 2592 999 2619 uersus
1033 2581 1145 2630 apud
1176 2578 1330 2619 Cornif.
1363 2579 1384 2619 l.
1422 2580 1443 2619 l.

321 2649 357 2688 O
386 2649 482 2688 Tite
513 2655 603 2687 tute
634 2649 730 2687 Tati
759 2649 832 2687 tibi
862 2655 980 2688 tanta
1011 2655 1183 2699 tyranne
1214 2648 1340 2686 tulisti

183 2718 359 2756 Adferre
376 2717 522 2756 debuit
538 2717 676 2756 rhetor
697 2718 937 2767 scriptorem
959 2718 1159 2755 sermonis
1182 2717 1398 2767 pedestris.
1430 2717 1556 2766 Atqui
1579 2716 1661 2754 Lu-

183 2786 301 2823 cilius
315 2786 357 2823 in
378 2786 524 2823 codice
542 2785 653 2823 nullo
670 2786 894 2822 inuenitur:
927 2786 1153 2823 deteriores
1178 2783 1343 2822 Cecilius
1357 2785 1570 2834 praebent,
1588 2796 1662 2834 op-

320 2894 346 2939 ¹)
372 2895 439 2929 Kl.
468 2895 567 2930 Schr.
592 2896 629 2927 II
655 2906 687 2938 p.
716 2895 773 2936 65.
