1894 3403
947 292 997 333 82

233 422 337 472 Scip.
369 421 464 460 min.
503 432 563 470 13.
603 431 662 468 14.
697 419 835 470 Polyb.
869 433 931 469 ap.
963 420 1111 458 Athen.
1145 419 1202 456 VI
1234 432 1271 469 p.
1307 429 1385 468 273
1417 420 1466 458 A.
1489 419 1579 458 Val.
1598 418 1709 457 Max.

232 489 292 527 IV
323 500 363 537 3,
401 499 444 537 13
479 488 615 526 Aurel.
639 487 781 525 Victor
801 485 884 536 58).
916 485 1074 524 Uectus
1106 493 1169 524 est
1203 486 1376 536 primum
1404 486 1708 524 Alexandream

232 559 289 595 ad
333 569 473 606 regem
507 556 789 593 Ptolemaeum
832 555 1090 605 Physconem
1136 554 1202 604 Sp.
1232 554 1430 592 Mummio
1476 560 1516 591 et
1551 554 1595 592 L.
1622 554 1708 591 Me-

232 626 329 663 tello
361 624 576 661 comitibus
623 622 780 672 (lustin.
809 622 1026 660 XXXVIII
1062 622 1099 667 8,
1141 623 1165 659 8
1213 622 1412 660 Posidon.
1458 634 1523 671 ap.
1557 621 1709 659 Athen.

231 692 308 730 XII
338 705 376 742 p.
409 703 490 740 549
533 690 603 739 D).
664 690 825 729 Diodor
859 690 1035 727 XXXIII
1069 687 1147 728 28b
1191 701 1311 740 porro
1348 696 1500 728 narrat:
1540 686 1590 729 Οἱ
1632 687 1708 739 μὲν

230 757 308 800 οὖν
336 757 597 809 πρεσβευταὶ
627 755 1005 807 κατασκεψάμενοι
1046 755 1100 797 τὰ
1136 755 1245 797 κατὰ
1284 755 1362 806 τὴν
1393 754 1610 805 Αἴγυπτον
1640 754 1708 796 ἐπὶ

231 826 401 877 Κύπρου
418 824 614 867 κάκεῖθεν
644 824 712 865 ἐπὶ
733 823 891 875 Συρίας
913 823 991 873 τὴν
1013 822 1243 874 ἀναγωγὴν
1264 822 1541 874 ἐποιήσαντο.
1575 822 1707 864 Καθό-

228 896 307 936 λου
328 893 462 935 δὲκαὶ
492 891 545 934 τὰ
562 892 745 933 πλεῖστα
778 890 881 943 μέρη
912 893 991 942 τῆς
1023 889 1277 942 οἰκουμένης
1309 890 1496 941 ἐπῆλθον
1527 892 1613 932 κτλ.

369 964 515 1013 Itaque
555 969 681 1012 poeta
714 962 948 1011 Scipionem
980 962 1139 998 induxit
1169 961 1247 999 hoc
1278 962 1379 999 libro
1411 962 1528 1011 quasi
1558 961 1707 1011 degru-

231 1039 415 1072 mantem
453 1032 582 1070 uiam:
629 1030 756 1068 uerba
802 1030 858 1066 ad
889 1041 1016 1079 regem
1055 1029 1250 1078 equidem
1285 1041 1370 1066 non
1401 1028 1621 1066 rettulerim
1651 1029 1706 1065 ad

230 1102 369 1151 Syriae
411 1101 594 1149 regulum
615 1097 659 1149 ¹),
705 1100 780 1136 sed
821 1099 875 1136 ad
905 1097 1188 1135 Ptolemaeum
1215 1098 1335 1142 illum,
1381 1099 1435 1136 de
1467 1109 1549 1147 quo
1580 1097 1705 1135 multa

230 1168 470 1207 Plutarchus
501 1168 680 1204 Iustinus
712 1165 960 1204 Posidonius
993 1166 1028 1205 ll.
1060 1166 1097 1205 ll.
1131 1167 1200 1215 qui
1231 1167 1285 1203 de
1317 1166 1508 1214 Scipione
1526 1166 1703 1202 Alexan-

229 1238 357 1274 dreae
388 1241 644 1274 commorato
672 1240 850 1272 narrant.
913 1234 1044 1272 Recte
1076 1234 1152 1272 hos
1183 1235 1267 1272 duo
1298 1246 1439 1272 uersus
1479 1234 1532 1271 ad
1561 1234 1704 1271 librum

227 1302 329 1341 XIV
358 1302 516 1340 rettulit
545 1300 718 1339 Mueller
748 1299 834 1351 (uu.
865 1300 958 1339 821.
998 1300 1100 1338 1168
1133 1301 1166 1338 L
1198 1312 1235 1350 3.
1267 1312 1293 1348 4
1323 1297 1404 1351 M):

342 1369 610 1420 Carpathium
639 1380 752 1407 mare
783 1374 1040 1406 transuectus
1073 1368 1232 1407 cenabi'
1264 1368 1402 1407 Rhodi
1460 1389 1500 1395 -

342 1436 609 1487 Carpathium
640 1436 814 1474 Rhodus
847 1436 888 1473 in
920 1436 1092 1486 pelagus
1122 1448 1166 1474 se
1197 1436 1364 1475 inclinat
1397 1443 1584 1486 apertum

228 1505 361 1544 Uersu
382 1506 515 1555 priore
538 1505 730 1553 Scipioni,
764 1504 831 1553 qui
853 1505 955 1541 dixit
985 1516 1075 1542 sese
1104 1505 1367 1543 Alexandrea
1388 1504 1584 1543 Rhodum
1604 1505 1700 1542 dein

227 1574 268 1611 in
308 1573 449 1611 Asiam
501 1572 683 1621 legatum
727 1572 1003 1622 profecturum
1058 1584 1151 1610 esse
1197 1573 1454 1610 demonstrat
1498 1573 1607 1611 uiam
1650 1573 1701 1609 ab

227 1642 491 1679 Alexandrea
512 1652 644 1690 usque
666 1641 722 1677 ad
739 1640 932 1678 Rhodum
960 1641 1101 1678 nescio
1134 1641 1221 1690 quis
1251 1641 1517 1678 interlocutor
1545 1641 1701 1679 illarum

226 1710 441 1758 regionum
472 1706 679 1757 gnarus2).
712 1707 818 1745 Nam
847 1707 1115 1757 Philargyrius
1149 1709 1204 1745 ad
1222 1707 1346 1757 Uerg.
1377 1720 1516 1758 georg.
1539 1708 1597 1745 IV
1618 1707 1698 1758 387

226 1777 329 1815 haec
362 1778 555 1815 adnotat:
603 1772 860 1826 ‘Carpathio‚
892 1777 1113 1825 Aegyptio:
1161 1775 1391 1826 Carpathos
1434 1777 1542 1815 enim
1571 1777 1701 1814 insula

226 1845 496 1883 Rhodiorum.
530 1844 609 1881 Alii
631 1846 702 1882 sic.
726 1843 991 1894 Carpathium
1012 1857 1119 1882 mare
1140 1846 1242 1881 inter
1261 1844 1442 1882 Rhodum
1463 1849 1498 1881 et
1517 1845 1701 1882 Alexan-

226 1913 370 1953 driam.
408 1912 523 1962 quod
553 1912 700 1950 abesse
746 1909 1015 1961 (appellatum
1047 1923 1138 1949 esse
1171 1912 1216 1957 L,
1264 1924 1413 1950 nomen
1453 1912 1605 1950 habere
1636 1908 1699 1964 M)

225 1981 372 2018 dieitur
417 1993 441 2017 a
488 1979 698 2029 Carpatho
742 1980 885 2019 insula.
963 1979 1019 2018 Ut
1065 1980 1262 2018 Lucilius:
1313 1979 1657 2030 Carpathium..
1692 2013 1700 2021 .

224 2044 393 2085 Rhodi'.
473 2047 617 2097 Itaque
665 2048 917 2085 Aemilianus
965 2049 1074 2098 apud
1120 2049 1319 2086 Lucilium
1371 2055 1556 2086 narratur
1601 2061 1700 2086 sane

224 2116 406 2154 uoluisse
446 2116 708 2154 Alexandrea
738 2115 935 2154 Rhodum
973 2117 1194 2166 proficisci:
1238 2118 1352 2167 quod
1391 2117 1568 2156 fortasse
1598 2117 1698 2156 Dio·

223 2185 352 2222 dorus
375 2184 398 2222 l.
420 2184 443 2222 l.
466 2183 616 2221 referre
648 2184 796 2227 omisit,
829 2196 924 2221 nam
943 2186 1028 2221 ueri
1060 2185 1187 2222 simile
1220 2191 1283 2222 est
1309 2184 1543 2235 Scipionem
1575 2186 1697 2223 fuisse

222 2250 375 2290 Rhodi.
435 2250 644 2289 Uidelicet
680 2252 860 2302 inprimis
891 2252 971 2289 hoc
1001 2258 1190 2290 senatum
1227 2254 1355 2291 mouit
1390 2259 1435 2291 ut
1467 2252 1698 2303 Scipionem

222 2319 405 2366 legatum
435 2319 476 2355 in
507 2319 596 2356 illas
624 2321 813 2368 regiones
834 2320 1028 2365 mitteret,
1062 2322 1177 2369 quod
1197 2321 1420 2370 piratarum
1451 2322 1698 2359 incredibilis

222 2386 397 2424 audacia
440 2397 519 2436 qua
555 2385 801 2436 nauigantes
837 2393 920 2425 tum
963 2388 1221 2426 uexabantur
1256 2390 1434 2427 maxime
1472 2390 1698 2440 augebatur

223 2455 518 2504 Aegyptiorum
540 2454 777 2504 Cypriorum
797 2455 987 2505 Syrorum
1009 2457 1263 2496 Rhodiorum
1286 2459 1477 2497 socordia
1497 2465 1539 2498 et
1558 2460 1698 2509 malig-

220 2523 365 2561 nitate.
438 2521 556 2562 Conf.
595 2523 727 2564 Strab.
757 2537 796 2574 p.
830 2524 910 2563 668
942 2522 1044 2576 Τοῖς
1077 2524 1124 2566 δὲ
1156 2524 1306 2569 Κίλιξιν
1341 2523 1478 2578 ἀρχὴν
1523 2528 1601 2568 τοῦ
1645 2527 1698 2568 τὰ

359 2689 387 2734 ¹)
414 2691 519 2732 Quod
549 2691 761 2734 interposito
787 2693 914 2726 Rhodi
940 2694 1078 2727 insulae
1105 2696 1245 2728 nomine
1271 2696 1450 2731 refutatur.
1471 2717 1513 2721 —
1533 2698 1695 2732 Ceterum

219 2751 312 2794 apud
332 2750 426 2784 Plut.
454 2760 598 2794 quoque
613 2751 782 2795 apophth.
808 2753 900 2796 Scip.
919 2754 1001 2788 min.
1031 2762 1070 2796 13
1090 2755 1289 2788 Ptolemaei
1315 2766 1444 2789 nomen
1470 2767 1542 2789 non
1566 2766 1696 2790 memo-

218 2814 329 2842 ratur:
357 2810 456 2842 audit
482 2815 616 2843 tantum
642 2811 663 2845 ὁ
690 2812 873 2854 βασιλεὺς.

363 2867 393 2913 ²)
418 2869 584 2902 Fortasse
599 2871 790 2903 Panaetius
814 2872 903 2916 ipse,
928 2873 1122 2906 Aemiliani
1146 2885 1275 2914 comes,
1302 2876 1358 2908 cui
1385 2877 1585 2910 notissimae
1611 2888 1696 2910 sane

219 2933 319 2961 erant
343 2928 431 2961 illae
457 2930 632 2971 regiones,
657 2931 818 2975 inprimis
845 2932 1000 2966 Rhodus
1029 2934 1153 2975 insula,
1180 2936 1276 2969 cuius
1301 2947 1428 2970 nomen
1454 2943 1507 2970 ter
1533 2939 1695 2972 occurrit.
