1894 3403
926 310 977 347 28

211 433 431 483 quominus
459 432 659 471 Muellero
691 439 860 472 auctore
890 445 964 484 pro
996 440 1188 485 corrupta
1217 446 1321 472 uoce
1350 447 1482 485 ponas
1502 435 1691 486 prohibet

208 501 434 538 litterarum
464 501 765 540 dissimilitudo.
826 501 959 539 Uersu
991 502 1121 540 altero
1152 504 1271 540 deest
1302 503 1458 552 syllaba
1488 509 1560 542 aut
1590 508 1687 542 ante

209 574 281 607 aut
321 575 415 619 post
446 581 593 607 uocem
635 569 730 607 haec
764 570 1028 608 fluctuantem
1070 570 1112 608 in
1159 570 1381 610 codicibus.
1443 569 1562 618 Quae
1593 583 1687 610 cum

206 637 264 673 ita
296 637 388 682 sint,
419 650 457 675 u.
478 638 613 686 priore
643 638 942 675 restituendum
972 650 1124 675 nomen
1145 638 1319 675 hominis
1336 638 1562 676 doctissimi
1591 650 1685 676 esse

207 704 371 742 uidetur
401 704 541 742 Persio
572 705 725 751 similis,
758 710 958 755 sequente
989 705 1190 755 particula
1211 706 1432 756 quaedam,
1463 718 1570 757 quae
1600 707 1685 744 duo

205 773 374 810 nomina
405 774 649 824 coniungat:
681 786 822 811 uerum
853 785 945 812 esse
976 774 1142 812 confido
1172 774 1273 814 hoc:

320 855 344 877 L
361 866 455 877 ψη,
472 855 496 877 a
512 866 535 877 υ
566 853 646 878 nec
672 839 932 879 doctissimis.
965 840 1179 879 Manilium

322 905 561 946 Persiumue
592 908 695 947 haec
724 908 860 958 legere
891 909 1001 954 nolo,
1032 907 1192 946 Iunium
1223 907 1414 959 Congum
1447 909 1554 948 uolo.

209 974 302 1022 Qua
333 976 567 1026 corruptela
596 977 652 1014 nil
684 977 937 1027 frequentius
968 988 1062 1014 esse
1092 982 1237 1014 notum
1266 981 1349 1015 est:
1409 987 1533 1013 uerae
1563 976 1689 1026 scrip-

207 1049 326 1081 turae
357 1049 421 1082 est
452 1045 620 1094 propior
649 1045 768 1083 unius
799 1046 955 1083 codicis
986 1045 1108 1083 lectio
1140 1043 1367 1083 Mannium.
1428 1044 1525 1082 Sine
1560 1044 1686 1082 dubio

206 1107 278 1149 Μ’.
309 1111 525 1148 Manilium
556 1123 640 1150 cos.
674 1124 783 1149 anno
815 1111 1000 1161 605l149
1044 1112 1144 1149 dicit
1174 1112 1365 1156 Lucilius,
1409 1123 1533 1161 quem
1563 1112 1689 1149 etiam

209 1178 367 1217 Gellius
399 1179 516 1217 XVII
549 1189 570 1228 7
604 1180 645 1217 in
678 1180 781 1217 uiris
811 1180 984 1229 adprime
1014 1180 1134 1217 doctis
1153 1185 1351 1223 numerat,
1379 1179 1615 1217 notissimus
1637 1191 1688 1217 ex

208 1246 420 1284 Ciceronis
454 1248 626 1296 scriptis,
657 1247 726 1284 ubi
753 1248 962 1284 inducitur
992 1248 1052 1284 uir
1080 1248 1275 1296 prudens,
1307 1247 1531 1284 Aemiliano
1563 1252 1688 1297 atque

207 1316 296 1353 eius
341 1316 480 1353 amicis
524 1321 566 1353 et
594 1316 799 1354 iucundus
836 1321 878 1353 et
913 1327 1030 1353 carus
1063 1314 1135 1363 (de
1164 1327 1248 1364 rep.
1279 1315 1298 1352 I
1335 1312 1416 1365 18),
1457 1315 1552 1353 iuris
1581 1314 1684 1365 peri·

208 1383 383 1419 fissimus
413 1378 487 1433 (de
505 1394 561 1422 or.
584 1383 601 1419 Ι
625 1393 703 1420 212
737 1384 791 1419 de
805 1395 891 1432 rep.
912 1383 969 1419 ΙΙΙ
996 1384 1077 1432 17),
1107 1388 1275 1431 propter
1304 1383 1496 1419 eximiam
1525 1383 1687 1431 sapien-

208 1450 289 1488 tiae
319 1451 492 1499 gloriam
523 1450 575 1488 ab
607 1451 797 1488 omnibus
830 1451 885 1487 de
906 1450 1095 1487 omnibus
1116 1450 1238 1487 rebus
1260 1449 1417 1488 consuli
1441 1449 1584 1487 solitus
1616 1446 1688 1498 (de

206 1528 261 1554 or.
294 1517 352 1553 III
388 1514 497 1565 133).
558 1516 623 1553 De
670 1517 786 1554 Iunio
820 1516 966 1565 Congo
1011 1518 1111 1553 certi
1153 1517 1248 1553 nihil
1294 1517 1456 1560 scimus,
1502 1517 1616 1565 quod
1647 1517 1688 1553 in

205 1584 373 1622 homine
402 1585 665 1622 mediocriter
694 1585 820 1622 docto
852 1584 994 1622 mirum
1023 1595 1108 1622 non
1139 1589 1220 1623 est:
1252 1582 1349 1621 nihil
1376 1583 1484 1621 enim
1505 1583 1560 1621 ad
1589 1595 1687 1629 rem,

206 1652 320 1701 quod
349 1652 526 1689 Rothius
545 1649 574 1701 ¹)
617 1653 731 1701 apud
762 1651 1004 1689 Ciceronem
1038 1652 1193 1688 homini
1232 1651 1474 1688 doctissimo
1511 1662 1561 1687 ex
1591 1662 1687 1687 con-

203 1719 359 1757 iectura
390 1719 452 1757 bis
485 1717 618 1769 Congi
648 1732 801 1758 nomen
830 1719 1006 1758 restituit
1035 1717 1107 1766 (de
1129 1731 1187 1757 or.
1209 1718 1229 1756 I
1252 1716 1332 1767 256
1353 1729 1426 1768 pro
1449 1717 1585 1758 Plane.
1602 1713 1687 1770 58).

204 1786 350 1836 Neque
386 1785 582 1824 Decimus
612 1786 776 1824 Laelius
820 1792 961 1837 potest
1002 1787 1113 1824 idem
1153 1798 1257 1837 esse,
1303 1798 1425 1836 quem
1454 1785 1547 1824 Ual.
1577 1785 1686 1826 Max.

200 1852 260 1890 IV
293 1863 329 1902 7,
365 1863 386 1902 7
433 1853 642 1903 exemplar
686 1854 829 1903 optimi
868 1854 990 1891 amici
1032 1854 1170 1903 ponit:
1218 1853 1425 1891 Ualerium
1456 1865 1615 1892 errasse
1645 1854 1688 1891 in

202 1921 472 1971 praenomine
513 1922 627 1959 dices
674 1922 707 1959 si
742 1922 961 1959 contuleris
1001 1920 1106 1961 Uell.
1145 1921 1303 1959 Patere.
1334 1921 1372 1959 11
1409 1930 1497 1970 127.
1557 1920 1688 1959 Mani-

203 1987 353 2024 festum
384 1994 447 2025 est
478 1988 675 2025 Lucilium
705 1988 888 2037 pluribus
918 2000 985 2026 uu.
1023 1989 1356 2025 doctissimorum
1386 1989 1441 2025 de
1473 1988 1556 2025 suis
1586 2000 1688 2036 poe-

202 2056 323 2094 matis
363 2055 557 2094 iudicium
596 2069 620 2094 a
654 2068 699 2094 se
730 2056 988 2106 repudiatum
1027 2067 1297 2094 memorasse:
1351 2055 1488 2094 amissi
1531 2055 1687 2093 scilicet

201 2123 327 2172 aliqui
359 2128 455 2159 sunt
487 2124 529 2159 in
558 2124 703 2173 quibus
735 2124 789 2160 de
821 2123 1037 2160 Aemiliani
1065 2124 1286 2172 Rutiliique
1317 2134 1467 2171 magna
1497 2123 1688 2160 doctrina

201 2190 257 2228 nil
287 2191 344 2228 ad
374 2190 556 2228 earmina
592 2202 666 2229 sua
695 2191 928 2240 pertinente
958 2203 1054 2228 eum
1086 2191 1338 2229 mentionem
1369 2190 1517 2229 fecisse
1549 2201 1572 2227 e
1603 2188 1685 2230 Cic.

202 2259 256 2295 de
286 2258 354 2295 fin.
385 2258 404 2295 I
437 2268 458 2307 7
492 2258 674 2297 efficitur.

336 2324 445 2362 Dein
485 2327 538 2363 de
578 2335 731 2375 genere
771 2327 910 2376 poesis
947 2338 1047 2364 suae
1093 2338 1185 2364 cum
1227 2326 1520 2364 interlocutore
1564 2338 1687 2376 quem

202 2393 278 2431 sibi
308 2394 423 2443 fingit
455 2394 722 2444 colloquitur:
754 2399 799 2431 ut
830 2395 1149 2432 inuidiosissima
1180 2400 1222 2432 et
1258 2395 1418 2444 ingrata
1448 2405 1501 2431 ne
1537 2394 1687 2431 scribat

201 2469 344 2499 monet
390 2462 666 2508 aduersarius,
712 2468 756 2499 ut
797 2462 1016 2500 Trebatius
1063 2463 1129 2500 ille
1159 2462 1426 2507 Horatianus,
1469 2467 1591 2512 atque
1621 2474 1685 2500 res

200 2530 410 2579 praeclare
440 2535 580 2578 gestas
612 2530 791 2567 carmine
833 2530 953 2579 epico
993 2535 1038 2567 ut
1067 2530 1333 2567 concelebret
1371 2529 1507 2579 potius
1543 2534 1683 2578 poeta,

200 2598 262 2635 his
293 2610 363 2637 uu.
394 2596 490 2636 612.
521 2607 600 2646 572
634 2598 668 2635 L
705 2609 765 2637 10.
788 2608 838 2647 57
871 2598 915 2636 M

313 2665 424 2705 hunc
454 2665 638 2704 laborem
666 2677 816 2712 sumas,
848 2666 1012 2705 laudem
1043 2666 1110 2716 qui
1139 2666 1211 2703 tibi
1241 2677 1291 2703 ac
1321 2664 1493 2703 fructum
1523 2664 1645 2703 ferat:

315 2747 514 2786 percrepa
544 2747 726 2785 pugnam
756 2734 914 2785 Popilli,
946 2734 1057 2773 facta
1088 2733 1253 2773 Corneli
1283 2745 1400 2774 cane.

339 2878 365 2921 ¹)
393 2880 436 2911 In
466 2880 557 2913 Mus.
586 2879 707 2913 Rhen.
741 2879 834 2912 VIII
859 2891 893 2923 p.
922 2880 1004 2922 615.
1032 2898 1073 2904 —
1103 2880 1288 2912 Manilius
1325 2879 1460 2912 ionicus
1498 2888 1518 2910 a
1555 2877 1685 2910 maiore

200 2936 288 2978 (Iuv.
313 2938 368 2969 VI
396 2938 489 2980 243).
