1894 3403
876 352 878 354 Ι
934 301 959 339 6

204 431 416 468 accedam.
476 428 662 466 Alterum
677 426 822 465 horum
846 438 1049 471 uersuum,
1082 439 1173 465 cum
1192 427 1301 478 prior
1315 439 1506 467 numeros
1536 427 1687 466 habeat

202 503 428 548 corruptos,
458 501 571 534 recte
614 495 807 533 traditum
846 506 942 532 esse
972 495 1186 545 quominus
1232 495 1550 540 contendamus,
1592 494 1689 532 nihil

204 565 377 615 impedit
412 563 488 601 nisi
518 562 704 601 Muelleri
740 558 1007 612 praeceptum
1050 557 1112 614 (d.
1145 574 1176 601 r.
1206 574 1259 601 m.
1290 574 1329 612 p.
1361 561 1476 611 343),
1517 574 1598 613 quo
1627 562 1687 600 in-

202 644 323 669 uersu
352 631 554 681 dactylico
586 631 654 667 hoc
687 641 835 668 uocem
876 630 1022 679 corripi
1065 635 1238 668 uetatur.
1299 628 1545 680 Quanquam
1587 642 1687 668 uero

204 700 288 738 eius
311 698 579 749 correptionis
608 698 720 736 nulla
748 696 833 735 fere
855 696 991 735 adhuc
1020 697 1182 748 prolata
1204 702 1299 735 sunt
1314 697 1516 748 exempla,
1547 702 1687 736 tamen

202 768 268 806 hic
297 768 385 818 ipse
415 766 558 805 Lucilii
586 778 728 804 uersus
759 766 868 803 adeo
911 772 1024 804 recte
1054 778 1099 804 se
1128 765 1267 810 habet,
1302 771 1348 803 ut
1374 765 1571 805 Lucilium
1600 766 1685 817 qui-

203 837 301 873 dem
330 835 408 874 hac
439 834 628 873 libertate
657 846 775 873 usum
805 846 898 873 esse
937 834 1017 873 hoc
1051 835 1141 886 ipso
1182 846 1305 873 uersu
1346 834 1442 872 mihi
1477 835 1684 886 probetur,

201 904 442 954 praesertim
468 915 560 941 cum
588 903 652 941 hic
686 915 836 941 uocem
866 903 1080 941 Lucretius
1111 902 1311 953 Uergilius
1348 902 1531 940 Tibullus
1567 908 1687 953 potu-

203 973 309 1010 erint
337 972 540 1022 corripere
568 971 637 1010 hoc
666 984 736 1011 cur
765 984 889 1010 nemo
919 984 1024 1010 unus
1061 971 1240 1022 potuerit
1272 983 1357 1009 non
1396 971 1562 1008 uideam
1591 983 1686 1009 cau-

202 1052 293 1078 sam
321 1040 519 1077 idoneam
533 1037 581 1090 ¹):
627 1039 679 1077 cf.
709 1038 902 1078 Diomed.
934 1039 953 1076 I
993 1052 1032 1089 p.
1063 1049 1159 1088 430,
1203 1049 1264 1087 13.
1331 1038 1511 1076 Priorem
1545 1044 1685 1076 tamen

200 1120 364 1147 uersum
393 1107 520 1146 foede
547 1099 822 1146 adulteratum
850 1119 956 1157 esse,
986 1120 1111 1146 nemo
1142 1119 1228 1145 non
1257 1107 1389 1146 uidet:
1433 1107 1559 1146 uerba
1588 1120 1612 1144 a
1642 1120 1686 1144 re

200 1188 224 1213 e
254 1177 388 1215 littera
430 1189 456 1213 r
497 1176 678 1214 librarius
722 1176 991 1226 neglegenter
1047 1176 1220 1214 deduxit
1247 1196 1301 1203 —
1328 1188 1426 1214 nam
1468 1189 1492 1213 r
1527 1176 1568 1213 in
1605 1176 1687 1213 hoc

200 1256 322 1281 uersu
357 1244 486 1282 latere
516 1254 568 1283 ex
598 1242 703 1280 Uelii
731 1243 865 1281 uerbis
910 1249 1066 1281 certum
1093 1249 1157 1281 est
1192 1255 1327 1294 neque
1357 1244 1571 1294 quicquam
1599 1244 1685 1281 ueri

202 1311 365 1349 similius
393 1323 520 1362 quam
550 1312 592 1349 in
621 1311 682 1349 his
713 1310 872 1349 duabus
894 1311 1055 1361 syllabis
1074 1333 1127 1339 —
1145 1311 1242 1348 dein
1271 1323 1353 1349 uox
1383 1323 1490 1361 quae
1507 1311 1683 1349 numeris

199 1379 438 1428 repudiatur
467 1377 573 1415 abest
600 1390 651 1416 ex
680 1379 767 1416 istis
799 1391 824 1415 a
843 1391 888 1415 re
917 1383 1017 1416 nata
1046 1383 1123 1416 est.
1182 1378 1267 1415 Sed
1296 1377 1433 1427 paullo
1454 1378 1682 1416 accuratius

201 1445 308 1485 Uelii
334 1446 461 1484 uerba
491 1446 795 1484 consideranda
811 1451 916 1484 sunt.
947 1444 1056 1483 Dicit
1072 1445 1106 1483 is
1122 1445 1290 1496 quidem
1304 1444 1409 1483 haec
1439 1442 1495 1495 (p.
1510 1443 1577 1493 46,
1600 1440 1683 1496 17).

335 1510 518 1552 ‘quenti
549 1519 642 1552 sunt
672 1519 814 1551 tamen
844 1513 913 1564 qui
942 1519 986 1551 et
1016 1514 1103 1552 sine
1133 1513 1269 1551 uocali
1295 1518 1440 1563 putent
1456 1524 1582 1563 posse
1603 1512 1682 1562 syl-

200 1583 338 1620 labam
367 1581 465 1621 fieri.
524 1582 632 1620 Nam
653 1581 1012 1619 animadvertimus
1043 1581 1155 1632 apud
1176 1581 1356 1619 comicos
1385 1592 1404 1619 s
1425 1586 1468 1618 et
1487 1586 1504 1618 t
1531 1580 1683 1631 pariter

202 1650 373 1699 scriptas
405 1649 560 1687 litteras
590 1654 636 1687 ut
667 1649 779 1699 apud
809 1648 1049 1686 Terentium
1075 1649 1117 1686 in
1146 1648 1393 1686 Phormione

834 1715 861 1761 †
891 1728 977 1755 non
1008 1716 1041 1754 is
1072 1716 1248 1755 obsecro
1278 1722 1342 1754 est

314 1795 437 1834 quem
467 1789 509 1821 te
536 1795 700 1833 semper
729 1784 881 1822 dicunt.
942 1783 988 1821 St
1023 1784 1121 1833 quid
1150 1783 1225 1821 has
1255 1789 1414 1821 metues
1445 1783 1574 1822 fores:

200 1852 280 1890 hoc
312 1864 330 1890 s
361 1857 404 1889 et
431 1857 447 1889 t
475 1851 628 1902 pariter
657 1852 865 1890 renuntiat
901 1851 1114 1891 silentium.
1175 1850 1260 1889 Sed
1290 1851 1324 1889 si
1352 1851 1432 1890 hoc
1462 1856 1680 1901 sectentur,

199 1920 360 1970 possint
389 1919 514 1957 etiam
560 1919 777 1969 plerasque
820 1925 1099 1957 consonantes
1145 1924 1188 1957 et
1223 1931 1368 1958 omnes
1398 1919 1679 1965 semiuocales,

198 1998 274 2036 pro
306 1986 469 2037 syllabis
500 1998 669 2036 ponere.
728 1985 835 2024 Nam
864 1987 976 2037 apud
1005 1986 1202 2024 Lucilium
1231 1986 1273 2024 in
1300 1999 1412 2025 nono
1444 1986 1486 2025 in
1512 1998 1593 2038 quo
1625 1988 1680 2025 de

198 2054 339 2092 litteris
369 2054 553 2104 disputat
570 2065 714 2091 omnes
743 2053 877 2092 uicem
907 2054 1152 2105 syllabarum
1176 2054 1358 2105 implent,
1389 2066 1482 2093 cum
1503 2055 1602 2094 dicit
1617 2087 1626 2095 .
1641 2087 1650 2096 .
1670 2085 1679 2094 .

197 2118 397 2171 (secuntur
442 2122 517 2159 duo
565 2133 667 2170 quae
703 2121 813 2158 modo
848 2122 969 2170 posui
1004 2121 1165 2159 Lucilii
1193 2119 1451 2172 fragmenta)
1497 2123 1681 2173 Ap'paret

198 2200 298 2238 ergo
329 2188 434 2226 haec
463 2188 560 2225 nihil
590 2188 700 2226 aliud
730 2200 853 2238 quam
883 2188 1017 2227 locum
1043 2189 1221 2239 syllabae
1260 2195 1402 2227 tenere
1431 2201 1510 2228 nec
1538 2195 1679 2227 tamen

199 2255 375 2307 syllabas
418 2267 512 2294 esse
522 2251 545 2295 ’.
621 2255 740 2304 Quae
792 2256 930 2294 omnia
978 2268 1030 2294 ex
1069 2256 1232 2307 optimis
1276 2256 1454 2296 fontibus
1497 2258 1680 2296 deducta

196 2324 452 2374 ineptissima
497 2335 590 2362 esse
634 2322 876 2374 Ueliumque
919 2325 1040 2374 plane
1077 2325 1220 2374 nugari
1262 2331 1392 2376 patet,
1434 2326 1468 2363 si
1509 2326 1552 2363 in
1590 2338 1677 2364 uer-

198 2392 308 2431 sibus
337 2391 479 2430 Lucilii
518 2392 706 2441 legantur
741 2391 901 2430 litterae
938 2405 963 2429 r
990 2397 1031 2429 et
1061 2405 1081 2429 s
1115 2392 1228 2431 uelut
1264 2405 1308 2431 er
1340 2398 1383 2431 et
1412 2406 1450 2431 es
1477 2402 1679 2444 gramma-

197 2461 369 2499 ticorum
399 2473 514 2499 more
545 2459 689 2509 (Prisc.
710 2460 749 2498 II
769 2473 807 2511 p.
826 2470 864 2510 7,
883 2470 932 2509 27
969 2460 1149 2511 Pompei.
1168 2460 1207 2498 V
1237 2473 1277 2511 p.
1299 2470 1391 2507 101,
1412 2460 1460 2499 16
1492 2460 1604 2512 Serg.
1619 2460 1679 2499 IV

196 2541 236 2579 p.
268 2527 364 2578 476,
396 2526 484 2576 31),
529 2539 636 2579 quae
668 2528 757 2579 quis
786 2527 938 2578 primus
976 2527 1206 2566 adhibuerit
1249 2528 1470 2567 litterarum
1511 2530 1679 2568 nomina

340 2680 370 2727 ¹)
395 2683 607 2715 Praesertim
632 2693 711 2715 cum
735 2684 802 2716 hoc
815 2683 1029 2716 uocabulum
1054 2687 1178 2716 natura
1194 2684 1341 2716 breuem
1353 2684 1514 2717 uocalem
1533 2676 1677 2724 habeat,

198 2750 218 2772 a
241 2741 354 2783 poetis
379 2742 605 2785 productam:
633 2742 725 2774 conf.
753 2742 887 2776 Charis.
913 2744 932 2774 Ι
956 2753 991 2785 p.
1014 2750 1067 2785 15.
1094 2743 1252 2775 Mueller
1277 2743 1311 2776 d.
1337 2754 1365 2776 r.
1388 2754 1435 2776 m.
1460 2754 1495 2786 p.
1515 2752 1582 2785 343
1610 2745 1677 2777 tria

197 2804 330 2832 tantum
348 2800 511 2844 exempla
536 2801 656 2834 attulit
681 2802 747 2834 hoc
772 2801 941 2834 uocabuli
966 2813 987 2834 0
1014 2806 1175 2846 correpta
1196 2802 1366 2846 usurpati.
1392 2801 1556 2836 Ceterum
1571 2814 1677 2847 quam

198 2859 364 2893 audacter
388 2860 550 2893 Lucilius
584 2861 727 2894 uocales
759 2860 885 2903 longas
917 2861 1133 2906 corripuerit,
1164 2873 1197 2896 u.
1229 2860 1350 2897 1181b
1375 2862 1407 2895 L
1430 2862 1488 2896 IX
1516 2870 1530 2895 1
1560 2863 1600 2895 M
1623 2867 1675 2897 te-

199 2924 318 2960 statur,
344 2920 406 2953 ubi
431 2931 493 2953 ore
517 2926 689 2964 corrupto
715 2921 881 2955 Adonius
908 2926 1032 2956 exstat.
