1894 3403
932 279 982 320 52

211 392 462 445 interpolata
492 404 598 432 esse.
650 391 829 444 Egregie
860 392 971 431 enim
1002 392 1146 431 dicitur
1180 393 1364 430 lactentia
1409 392 1580 444 coagula
1611 404 1694 431 cum

212 462 326 499 melle
357 461 467 499 bibi:
495 473 593 498 nam
627 461 824 498 lactentia
864 461 1065 510 significat
1101 462 1206 499 lacte
1240 462 1385 499 diluta:
1430 460 1692 509 confiXOuid.

212 529 303 569 fast.
334 528 392 567 IV
425 538 505 579 545

325 598 426 635 Mox
457 599 601 647 epulas
631 604 811 647 ponunt:
843 597 1059 646 liquefacta
1090 598 1263 647 coagula
1289 597 1396 636 lacte

325 664 541 716 Pomaque
575 670 616 704 et
647 666 688 703 in
720 665 823 703 ceris
854 675 979 702 aurea
1010 664 1132 702 mella
1164 664 1257 703 suis.

211 745 456 795 Liquefacta
493 746 669 794 coagula
699 746 805 783 lacte
840 745 1040 789 dicuntur,
1074 744 1143 793 qui
1173 744 1213 780 in
1244 745 1350 781 duos
1376 745 1544 793 congios
1576 744 1692 781 lactis

211 812 377 851 additur
406 812 622 862 coagulum
653 812 934 863 magnitudine
966 811 1097 851 oleae.
1131 809 1267 861 (Uarr.
1293 811 1333 849 d.
1365 823 1393 851 r.
1426 823 1455 851 r.
1486 810 1524 848 11
1551 821 1613 857 11,
1635 806 1691 862 4).

211 881 296 918 Lac
327 885 516 917 coactum
546 892 639 918 cum
670 881 793 918 melle
839 881 922 917 bibi
960 880 1002 916 in
1040 879 1169 929 epulis
1207 880 1394 916 uidemus
1424 884 1640 929 praeterea
1670 891 1692 915 e

214 946 426 984 Philoxeni
456 944 618 1000 δείπνῳ
654 946 728 998 frg.
763 958 784 985 2
819 960 856 986 u.
888 946 941 996 36
973 945 1127 996 Bergk:
1179 942 1426 995 ὁμοσύζυγα
1457 943 1506 984 δὲ
1535 942 1693 986 ξανθόν

211 1012 246 1055 τ’
279 1013 537 1064 ἐπεισῆλθεν
568 1014 659 1065 μέλι
691 1013 760 1055 καὶ
790 1013 904 1063 γάλα
934 1012 1188 1065 σύμπακτον
1225 1020 1348 1064 atque
1374 1014 1543 1053 lactaria
1571 1014 1691 1052 melle

210 1083 345 1120 solere
376 1084 535 1121 condiri
566 1097 618 1122 ex
648 1085 825 1134 Alciphr.
857 1084 931 1134 frg.
962 1084 1001 1131 6,
1040 1095 1106 1124 10:
1148 1080 1240 1124 εἶτα
1270 1081 1478 1133 γαλάκτια
1509 1082 1693 1134 ποικίλα,

208 1149 261 1191 τὰ
295 1150 372 1201 μὲν
393 1150 632 1201 μελίπηκτα
653 1152 739 1192 κτλ.
789 1153 935 1203 Itaque
966 1154 1193 1191 rectissime
1216 1154 1397 1191 lactentia
1416 1154 1587 1203 coagula
1609 1166 1691 1190 cum

208 1220 321 1256 melle
360 1219 443 1258 bibi
469 1222 578 1271 apud
610 1220 802 1272 Caprum.
862 1222 982 1270 Quae
1025 1228 1165 1259 tamen
1195 1221 1322 1259 uerba
1358 1222 1399 1258 in
1428 1226 1598 1258 metrum
1629 1233 1689 1258 re-

209 1287 293 1337 digi
323 1289 433 1326 nullo
465 1290 594 1327 modo
624 1295 816 1338 possunt,
848 1301 984 1339 neque
1015 1290 1057 1326 in
1079 1289 1324 1339 dactylicum
1354 1301 1489 1338 neque
1519 1289 1560 1326 in
1592 1289 1689 1326 iam-

208 1355 355 1399 bicum,
385 1367 523 1406 neque
555 1356 700 1394 Lucilii
744 1356 871 1393 uerba
918 1356 1050 1393 soluta
1093 1356 1132 1393 in
1175 1357 1416 1405 pedestrem
1460 1356 1690 1393 orationem

209 1423 516 1472 grammaticum
546 1423 748 1461 rettulisse
787 1424 998 1473 probabile
1031 1430 1112 1461 est:
1150 1436 1272 1473 porro
1316 1423 1485 1473 coagula
1520 1423 1689 1461 uerbum

210 1502 294 1527 non
313 1490 435 1528 uideo
465 1497 705 1541 usurpatum
727 1497 823 1529 ante
852 1491 1093 1529 Uarronem.
1127 1492 1181 1529 At
1200 1492 1326 1529 uerba
1356 1487 1367 1501 ‘
1384 1491 1563 1528 lactentes
1574 1486 1689 1539 ficos'

210 1559 320 1597 unde
353 1559 397 1597 M
435 1560 615 1597 lactentes
636 1558 750 1609 ficus,
799 1558 832 1598 C
865 1560 932 1609 qui
962 1572 1036 1610 pro
1073 1560 1215 1598 lactens
1246 1559 1374 1598 altero
1419 1559 1510 1598 loco
1552 1559 1689 1609 posuit

210 1626 356 1662 lacteus
376 1628 489 1676 quod
505 1627 700 1682 scriptum
732 1633 843 1664 recte
875 1633 965 1664 erat
996 1628 1176 1664 lactentes
1196 1626 1295 1675 ficos
1324 1628 1450 1665 uoluit
1480 1627 1686 1677 corrigere

208 1695 249 1731 in
280 1695 425 1732 lacteas
459 1694 563 1744 ficus
602 1696 880 1745 superscripto
921 1709 946 1734 a
976 1701 1019 1733 et
1048 1708 1087 1741 u,
1132 1696 1243 1733 unde
1275 1695 1307 1733 B
1355 1695 1562 1733 lactenteas
1582 1694 1686 1745 ficus

211 1782 261 1788 —
295 1762 375 1799 ista
411 1763 537 1799 uerba
581 1763 676 1799 dico
714 1763 880 1811 egregie
911 1763 1067 1800 Lucilio
1105 1764 1240 1800 tribui:
1286 1775 1383 1800 nam
1418 1764 1620 1812 quadrant
1644 1764 1685 1800 in

208 1827 491 1866 hexametrum
521 1834 563 1866 et
583 1827 661 1877 fici
685 1840 759 1878 pro
781 1828 884 1878 ficus
914 1829 1044 1867 forma
1075 1829 1287 1867 Luciliana
1314 1835 1376 1867 est
1406 1841 1486 1879 qua
1515 1835 1578 1867 ter
1607 1830 1685 1868 uti-

207 1895 326 1943 tur¹).
386 1897 531 1934 Statuo
557 1897 678 1946 igitur
708 1897 749 1934 in
780 1898 872 1936 cod.
904 1897 948 1935 M
978 1898 1147 1935 uerbum
1176 1909 1301 1935 unum
1329 1903 1542 1935 auctorem
1565 1898 1685 1947 signi-

207 1963 336 2002 ficans
367 1964 589 2003 excidisse:
631 1965 672 2002 in
702 1966 826 2004 codd.
860 1964 928 2003 CB
967 1977 1108 2004 reuera
1150 1966 1277 2003 uerba
1308 1965 1381 2003 sub
1411 1965 1534 2004 finem
1564 1966 1685 2004 muti—

205 2032 288 2069 lata
319 2038 426 2078 sunt,
458 2032 579 2070 deest
608 2032 716 2070 enim
746 2032 834 2072 bibi.

341 2234 427 2274 Ine.
465 2245 570 2282 1109
603 2234 637 2272 L
673 2233 749 2272 106
781 2234 841 2272 M:

320 2313 421 2338 uasa
452 2313 615 2350 quoque
646 2302 813 2339 omnino
846 2302 1006 2346 dirimit,
1039 2313 1124 2339 non
1156 2301 1272 2346 sollo,
1303 2302 1498 2351 dupundi.

212 2366 315 2404 Uasa
346 2367 611 2416 Augustinus,
645 2367 830 2405 Lucilius
848 2380 968 2404 suasa
1000 2367 1113 2404 Festi
1143 2368 1236 2406 cod.
1260 2366 1413 2417 Corpet
1433 2368 1536 2406 haec
1557 2369 1681 2406 uerba

205 2439 315 2471 recte
346 2434 400 2471 ad
431 2433 631 2483 Scipionis
671 2435 712 2471 in
744 2436 888 2473 castris
925 2435 1037 2484 apud
1065 2434 1329 2471 Numantiam
1369 2434 1505 2471 edicta
1532 2434 1683 2471 rettulit

204 2501 357 2551 primus
388 2513 427 2550 p.
452 2511 531 2549 235
559 2501 665 2541 edit:
698 2501 945 2540 Bouterwek
977 2502 1030 2539 de
1048 2501 1202 2539 Lucilio
1234 2501 1395 2539 satirico
1428 2500 1511 2551 p.6
1541 2501 1684 2539 laudat

204 2568 381 2618 Appian.
409 2568 468 2607 Ib.
488 2567 554 2616 85.
570 2568 618 2608 L.
641 2569 811 2607 Mueller
837 2582 1000 2608 uersum
1028 2570 1069 2607 in
1092 2571 1197 2608 duas
1217 2575 1353 2619 partes
1385 2562 1559 2608 discidit.
1587 2568 1682 2606 Per-

206 2636 310 2673 tinet
330 2647 472 2673 uersus
505 2637 559 2674 ad
575 2648 625 2673 ea
648 2649 754 2686 quae
775 2638 1001 2675 accuratius
1019 2638 1210 2687 Appiano
1229 2636 1467 2674 Plutarchus
1489 2637 1681 2686 apophth.

204 2703 310 2753 Scip.
326 2704 422 2742 min.
447 2702 494 2741 16
525 2704 669 2744 refert:
702 2702 834 2754 σκεύη
867 2704 913 2745 δὲ
931 2703 1201 2755 προσέταξεν
1223 2701 1493 2755 ἀποπέμπειν
1511 2701 1682 2745 ἅπαντα

340 2905 364 2947 ¹)
392 2907 463 2939 Uu.
495 2906 572 2939 168.
604 2906 705 2939 1128.
737 2915 825 2948 1129
854 2908 884 2939 L
910 2908 945 2940 V
972 2915 1027 2951 27.
1057 2907 1112 2940 28.
1141 2915 1186 2949 30
1215 2908 1265 2940 M.
