1894 3403
947 204 999 253 60

374 326 548 365 Uersum
578 329 686 367 enim
718 330 940 367 secundum
970 329 1132 367 codices
1164 328 1305 377 optimi
1332 328 1533 377 praebent
1565 327 1708 366 talem:

529 397 773 447 municipem
804 396 937 434 Pontii
968 396 1119 435 Tiranii
1150 396 1434 434 conturionum

248 473 410 512 D'ranz’z‘
446 476 536 514 cod.
568 475 773 515 Palatinus
803 488 926 514 manu
961 476 1096 527 priore
1141 482 1183 514 et
1228 475 1513 525 Erlangensis:
1560 475 1633 512 sed
1673 474 1713 511 in

239 543 371 591 priore
387 555 509 581 manu
541 545 719 582 secunda
741 551 964 583 correctum
995 550 1058 583 est
1086 544 1270 589 Trz'lanz'z}
1303 545 1344 582 in
1375 543 1556 581 editione
1577 542 1712 580 More-

239 610 347 648 liana
391 624 415 649 a
443 611 652 662 Maduigio
684 612 804 650 ualde
835 613 1002 651 laudata
1042 614 1095 650 ob
1127 613 1341 663 scripturas
1381 623 1499 649 ueras
1531 623 1711 648 nonnus·

240 692 362 729 quam
393 685 574 718 seruatas
605 680 805 718 inuenitur
868 681 951 718 Tz'lz'
979 681 1093 718 Anni
1120 681 1350 719 coniectura
1380 680 1467 718 sine
1484 679 1608 717 dubio
1639 690 1711 716 ea-

239 760 317 797 que
348 748 463 787 falsa.
524 748 642 786 Duae
672 755 816 799 patent
846 750 938 787 uiae
970 749 1285 794 emendationis,
1329 761 1410 786 una
1456 749 1488 786 si
1533 760 1708 797 quaeres

239 828 390 853 nomen
420 817 623 866 proprium
654 822 698 854 ut
726 817 938 857 Pontium:
983 829 1062 866 qua
1103 818 1170 866 qui
1199 817 1372 866 ingressi
1402 822 1496 854 sunt
1525 816 1707 854 editores

237 896 382 933 parum
412 884 549 922 felices
581 884 767 924 suerunt:
800 897 895 922 nam
926 886 978 923 de
1011 885 1183 922 Tritano
1214 885 1278 922 uel
1310 881 1511 922 Trita'nno
1544 884 1706 934 gladia-

238 957 328 988 tore
356 952 526 989 uerbum
557 952 711 989 nullum
740 953 910 1001 perdam
926 950 968 1001 ¹).
1029 953 1174 1001 Itaque
1216 952 1280 989 uel
1312 952 1611 989 substantiuum
1641 952 1707 989 uel

238 1019 472 1064 adiecfium,
504 1031 586 1069 quo
621 1019 754 1056 Pontii
783 1031 962 1069 persona
989 1020 1206 1057 illustretur
1236 1030 1388 1057 censeo
1410 1019 1705 1068 quaerendum.

242 1086 407 1124 Tz'ranz'z'
431 1087 593 1124 codices
624 1087 849 1137 principes:
882 1086 1053 1125 Palatini
1082 1093 1287 1125 corrector
1317 1086 1452 1124 multis
1481 1086 1578 1124 locis
1609 1097 1708 1136 gen-

237 1156 359 1193 uinae
390 1156 608 1205 scripturae
646 1162 833 1194 seruator
872 1156 949 1193 hoc
979 1156 1068 1194 loco
1101 1156 1285 1193 debebat
1315 1167 1381 1192 me
1412 1155 1544 1193 iudice
1574 1169 1592 1192 r
1620 1155 1661 1192 in
1692 1160 1709 1192 t

236 1224 413 1261 litteram
456 1229 625 1270 mutare,
671 1237 755 1262 non
800 1230 816 1261 t
859 1225 1037 1261 inserere
1082 1224 1140 1262 ita
1184 1229 1229 1260 ut
1275 1223 1454 1260 Tritaniz'
1492 1223 1705 1261 euaderet.

238 1292 417 1340 Dignum
462 1292 554 1330 stilo
584 1292 793 1331 Luciliano
838 1293 1008 1330 arbitror
1042 1293 1203 1331 Tz'tanz’z'.
1264 1291 1468 1329 Discimus
1506 1292 1616 1329 enim
1655 1303 1707 1328 ex

239 1358 408 1396 Catonis
439 1359 572 1396 uerbis
600 1371 665 1408 ap.
699 1358 782 1398 Cic.
815 1361 869 1397 de
901 1372 986 1398 sen.
1015 1370 1064 1408 33
1095 1355 1169 1396 ‘ne
1201 1372 1278 1396 uos
1309 1359 1475 1407 quidem
1501 1358 1551 1396 T.
1572 1357 1706 1395 Pontii

237 1427 484 1465 centurionis
515 1426 607 1465 uiris
638 1423 816 1465 habetis’
860 1426 967 1464 hunc
998 1426 1186 1465 Pontium
1226 1425 1350 1464 fuisse
1387 1425 1596 1463 hominem
1622 1425 1704 1463 exi-

237 1495 326 1532 miis
356 1495 504 1532 uiribus
521 1495 700 1543 corporis
731 1495 973 1543 praeditum.
1033 1495 1179 1543 Itaque
1196 1494 1381 1543 Titanius
1413 1499 1477 1531 est
1497 1490 1703 1545 ἀκαμάτῳ

234 1559 375 1610 Τιτῆνῑ
416 1558 509 1611 βίην
554 1558 803 1611 ὑπέροπλον
839 1559 1006 1611 ἐοικώς,
1049 1567 1093 1599 ut
1124 1561 1175 1608 Q.
1208 1561 1362 1611 Smyrn.
1395 1560 1492 1598 XIV
1523 1571 1605 1610 550
1650 1561 1704 1597 de

235 1630 359 1667 Aiace
390 1626 540 1677 dicit2).
601 1629 664 1666 Sic
680 1629 865 1666 Briareus
897 1642 962 1678 ap.
993 1629 1094 1668 Plut.
1128 1630 1182 1666 de
1211 1629 1410 1677 tranquill.
1443 1641 1509 1667 an.
1540 1641 1628 1678 cap.
1656 1639 1705 1665 10

234 1710 307 1747 pro
337 1697 424 1735 uir'o
455 1697 578 1734 nimio
615 1696 762 1735 robore
798 1697 986 1747 praedito
1022 1697 1198 1748 ponitur,
1240 1697 1350 1747 apud
1380 1696 1562 1734 eundern
1594 1696 1705 1734 Mar-

235 1765 323 1803 cell.
360 1775 405 1814 17
435 1765 701 1803 Archimedes
732 1765 917 1803 Briareus
949 1766 1189 1815 appellatur,
1221 1765 1328 1805 conf.
1363 1766 1417 1803 de
1449 1765 1565 1804 amic.
1588 1765 1703 1802 mult.

235 1846 323 1884 cap.
349 1844 381 1872 1.
412 1834 460 1873 A.
477 1832 520 1870 P.
537 1832 596 1871 IX
615 1832 694 1882 708
725 1830 855 1883 Χερσὶ
870 1830 1129 1883 γιγαντείαις
1151 1830 1187 1873 δ’
1210 1830 1372 1873 ἔστασε
1395 1830 1547 1883 νέρθεν
1572 1829 1703 1883 ὕδωρ.

233 1903 281 1939 In
323 1903 464 1940 codice
512 1902 731 1952 archetypo
764 1901 969 1940 Ciceronis
1008 1903 1200 1952 scriptum
1237 1908 1326 1940 erat
1357 1901 1495 1939 Pontii
1525 1901 1702 1940 Titanii:

232 1970 407 2008 Lucilius
451 1975 591 2007 autem
633 1969 735 2007 dixit
763 1969 884 2006 Ponti
914 1968 1053 2006 Titani
1080 1970 1167 2007 siue
1199 1970 1250 2007 ab
1283 1969 1489 2007 adiectiuo
1526 1968 1705 2006 manius

234 2038 433 2075 deductus
464 2042 527 2075 est
557 2038 632 2074 iste
672 2037 885 2086 genetiuus
922 2038 963 2074 in
1001 2037 1264 2075 substantiuis
1300 2036 1516 2086 legitimus,
1563 2036 1647 2073 siue
1679 2048 1704 2072 a

233 2104 489 2142 substantiuo
525 2103 685 2141 Titanus
697 2103 741 2151 3)‚
786 2116 866 2153 qua
894 2105 947 2142 de
979 2103 1108 2141 forma
1145 2104 1253 2153 apud
1284 2103 1471 2140 Plautum
1504 2101 1704 2140 Naeuium

368 2297 393 2339 ¹)
418 2298 606 2330 Tritannus
624 2297 798 2338 gladiator
817 2298 948 2329 eximiis
973 2297 1104 2329 uiribus
1123 2298 1278 2340 corporis
1295 2298 1475 2340 praeditus
1493 2304 1705 2331 memoratur

231 2357 342 2391 Solin.
374 2358 392 2389 I
419 2365 461 2400 75
496 2357 587 2389 Plin.
621 2357 693 2389 VII
728 2356 767 2389 81
806 2357 951 2400 Uopisc.
990 2356 1095 2388 Firm.
1128 2365 1160 2398 4.
1224 2358 1296 2389 Fac
1334 2362 1430 2389 recte
1471 2358 1703 2390 Huebnerum

233 2417 371 2460 ephem.
399 2417 506 2459 epigr.
533 2418 569 2448 II
589 2428 621 2459 p.
645 2417 691 2457 48
718 2421 840 2448 contra
864 2416 1034 2457 Maduigii
1069 2416 1329 2448 adnotationem
1367 2417 1597 2449 contendisse
1635 2418 1703 2450 iam

229 2476 294 2508 illo
331 2481 487 2519 tempore
520 2475 752 2517 gladiatorem
790 2475 942 2518 potuisse
981 2475 1218 2507 centurionem
1251 2475 1325 2507 fieri
1353 2477 1449 2508 XIII
1485 2487 1595 2509 annos
1623 2482 1704 2509 ante

233 2537 341 2569 Marii
364 2537 512 2579 primum
539 2535 769 2574 consulatum,
807 2540 899 2567 certe
925 2535 1080 2567 Lucilius
1107 2534 1342 2576 gladiatorem
1370 2536 1559 2569 admissum
1587 2547 1704 2569 sacra·

231 2601 348 2628 mento
375 2606 444 2629 non
462 2600 601 2639 poterat
618 2605 813 2638 proponere
838 2594 1017 2637 exemplar
1042 2594 1192 2626 hominis
1211 2595 1366 2627 Romani
1392 2606 1507 2639 neque
1531 2607 1601 2628 una
1627 2607 1704 2628 cum

231 2656 357 2688 Pontio
382 2656 457 2688 uiro
483 2655 705 2688 nobilissimo
734 2654 905 2695 (Macrob.
933 2655 988 2686 ΙΙΙ
1017 2655 1070 2691 16,
1098 2654 1133 2698 3)
1160 2655 1351 2697 appellare.

364 2715 389 2756 2)
422 2715 588 2748 Similiter
631 2714 763 2747 Aesch.
795 2715 938 2757 Septem
963 2722 1032 2756 407
1067 2713 1251 2757 Capaneus
1287 2714 1394 2757 γίγας
1431 2715 1543 2759 Orph.
1584 2716 1703 2759 hymn.

231 2776 307 2807 XII
326 2784 338 2807 1
367 2774 539 2808 Hercules
554 2773 669 2808 Τιτάν
687 2773 826 2806 Callim.
846 2772 963 2817 hymn.
981 2773 1017 2805 in
1034 2771 1114 2807 Del.
1137 2781 1202 2815 174
1228 2773 1324 2806 Galli
1342 2774 1518 2817 ὸψιγόνοι
1535 2774 1701 2817 Τιτῆνες.

365 2833 394 2878 ⁸)
421 2834 524 2867 Atlas
551 2846 614 2879 pro
640 2834 804 2875 giganteo
830 2833 970 2866 homine
995 2834 1071 2867 qu.
1100 2834 1192 2866 VIII
1217 2841 1273 2876 32.
