1894 3403
911 204 962 244 57

203 321 347 370 ltaque
396 320 524 358 hosce
568 334 631 360 uu.
675 319 912 357 tribuendos
951 329 1103 356 censeo
1145 317 1351 368 Neptuno,
1396 328 1519 367 quem
1555 316 1678 353 etiam

204 400 243 426 u.
281 399 328 435 14
359 387 393 425 L
429 399 475 425 12
508 389 550 426 M
593 389 829 440 loquentem
867 386 1024 424 inducit
1066 391 1204 435 poeta.
1270 384 1465 423 Ceterum
1506 384 1678 421 deorum

204 454 346 505 epulas
377 456 487 505 apud
502 455 730 505 Aethiopes
752 453 883 492 factas
901 454 1104 492 Lucianus
1127 465 1291 503 quoque
1312 453 1453 490 irridet
1469 450 1605 488 Prom.
1629 461 1674 499 17

203 523 358 574 Philop.
390 535 427 573 4.
459 522 557 574 περὶ
587 523 749 565 θυσιῶν
781 533 818 560 2.
877 522 1051 561 Mueller
1079 522 1291 560 Mineruae
1331 534 1426 560 esse
1464 520 1555 558 illos
1587 531 1677 557 uer-

203 603 271 629 sus
301 591 538 641 suspicatur.
1218 577 1223 582 ’

337 676 419 715 Sed
449 689 630 727 quanam
666 677 720 714 de
758 688 801 714 re
832 676 1109 714 deliberantes
1140 677 1243 713 deos
1284 676 1397 725 fingit
1425 668 1675 723 Lucilius?¹)

203 745 372 783 Duobus
416 745 563 783 utimur
601 744 863 783 testimoniis:
911 744 1081 782 alterum
1118 745 1318 794 praebent
1362 756 1503 782 uersus
1535 741 1677 780 Lucilii

202 813 269 862 qui
300 819 530 863 supersunt,
560 813 733 851 alterum
763 812 925 850 Seruius
965 813 1021 849 ad
1050 812 1154 850 Aen.
1190 813 1227 850 X
1263 824 1351 860 104,
1397 813 1507 850 euius
1549 810 1677 849 uerba

201 880 382 916 editores
426 878 499 929 (ad
529 891 568 918 u,
600 890 622 927 3
660 880 693 917 L
722 879 780 916 IV
810 879 871 928 M)
918 880 975 917 sic
1013 879 1224 917 exhibent:
1271 876 1422 917 ‘Totus
1466 879 1530 916 hic
1561 878 1675 915 locus

203 946 258 983 de
287 947 415 996 primo
446 947 585 984 Lucilii
619 947 839 985 translatus
884 952 948 984 est
977 946 1089 992 libro,
1135 947 1202 984 ubi
1236 948 1484 984 inducuntur
1522 946 1564 983 di
1603 944 1676 981 ha-

201 1013 298 1051 bere
344 1014 557 1051 concilium
601 1019 643 1051 et
685 1026 810 1064 agere
854 1014 984 1064 primo
1030 1014 1085 1051 de
1130 1014 1294 1052 interitu
1322 1014 1427 1064 Lupi
1457 1012 1671 1051 cuiusdam

201 1082 315 1119 ducis
345 1082 388 1119 in
417 1082 636 1131 republica,
681 1087 828 1132 postea
873 1082 1095 1120 sententias
1139 1082 1288 1122 dicere.
1350 1081 1434 1119 Sed
1467 1081 1546 1119 hoc
1577 1080 1671 1131 quia

199 1149 409 1198 indignum
439 1154 527 1186 erat
556 1149 683 1187 heroo
727 1150 906 1187 carmine
944 1150 1122 1188 mutauit.
1183 1150 1235 1187 Et
1265 1150 1423 1187 induxit
1452 1149 1581 1198 primo
1612 1148 1669 1184 10-

201 1221 396 1266 quentem
438 1216 580 1254 Iouem
624 1217 677 1254 de
719 1217 947 1266 interruptis
990 1216 1238 1262 foederibus,
1284 1217 1395 1255 cuius
1441 1216 1670 1254 orationem

199 1284 410 1333 interrupit
439 1283 593 1327 Uenus,
625 1290 719 1333 post
750 1290 892 1322 secuta
922 1284 1088 1322 Iunonis
1128 1286 1254 1322 uerba
1285 1290 1389 1329 sunt,
1430 1284 1576 1334 qujbus
1607 1294 1669 1319 re-

200 1352 358 1400 darguit
388 1350 604 1390 Uenerem.
665 1351 789 1389 Unde
828 1364 937 1389 nunc
963 1352 1140 1402 Iuppiter
1182 1352 1282 1389 illud
1324 1353 1436 1401 quod
1476 1351 1669 1389 omiserat

200 1419 334 1459 reddit
363 1419 526 1456 dicens:
558 1431 657 1468 ergo
688 1420 880 1469 quoniam
900 1432 1047 1469 pacem
1080 1431 1173 1457 esse
1202 1432 1287 1457 non
1307 1420 1447 1465 sinitis,
1479 1432 1531 1456 ea
1560 1430 1667 1468 quae

200 1499 288 1524 sum
318 1486 511 1532 dicturus,
543 1484 745 1537 accipite'.
805 1486 945 1525 Uerba
976 1500 1093 1537 agere
1114 1488 1245 1536 primo
1286 1488 1330 1524 de
1369 1487 1529 1523 interitu
1563 1485 1673 1534 Lupi

199 1554 398 1591 cuiusdam
430 1555 538 1591 ducis
568 1555 609 1591 in
635 1554 847 1604 republica,
870 1559 1003 1604 postea
1031 1556 1234 1592 sententias
1254 1555 1379 1592 dicere
1413 1553 1667 1605 ineptissima

199 1632 292 1658 esse
332 1622 455 1659 miror
497 1622 704 1659 neminem
747 1623 953 1660 editorum
998 1624 1053 1660 ad
1096 1623 1201 1660 hunc
1250 1623 1384 1660 locum
1430 1622 1667 1659 adnotasse.

198 1688 332 1738 Atque
363 1689 497 1726 editor
525 1690 713 1740 princeps
752 1691 819 1730 ad.
850 1689 888 1730 h.
921 1690 946 1729 l.
993 1690 1089 1728 dicit
1129 1690 1212 1727 deos
1242 1690 1417 1739 primum
1453 1689 1670 1726 consultare

199 1769 245 1793 ac
274 1757 431 1806 agitare
464 1759 508 1794 de
538 1759 697 1795 interitu
728 1758 848 1807 Lupi,
871 1763 1002 1807 postea
1033 1763 1154 1796 autem
1183 1759 1360 1808 singulos
1390 1758 1492 1794 inter
1519 1770 1558 1794 se
1586 1770 1668 1793 sen-

197 1824 335 1860 tentias
365 1820 551 1875 dz‘cere²):
585 1838 690 1875 quae
724 1826 852 1863 uerba
881 1839 965 1863 non
996 1826 1123 1864 Seruii
1161 1827 1236 1863 sed
1266 1825 1438 1863 Dousae
1473 1830 1567 1862 sunt
1596 1836 1669 1860 ne-

198 1903 277 1940 que
322 1904 393 1929 cur
422 1893 624 1930 eiusmodi
670 1894 882 1931 concilium
925 1895 1096 1932 deorum
1139 1894 1350 1943 indignum
1400 1893 1453 1930 sit
1502 1892 1668 1929 heroico

199 1959 380 1996 carmine
413 1959 669 2009 intellegitur.
727 1960 843 1998 Deos
875 1960 1036 1998 Seruius
1068 1961 1165 1998 dicit
1202 1960 1329 2008 primo
1374 1972 1505 2008 agere,
1532 1962 1669 2007 postea

195 2027 402 2064 sententias
432 2028 573 2067 dicere:
616 2041 667 2066 an
711 2028 814 2067 inter
859 2029 1066 2079 agendum
1112 2028 1337 2066 sententias
1374 2040 1459 2066 non
1500 2024 1667 2066 dicunt?

197 2094 290 2141 Quo
325 2095 502 2144 denique
530 2096 656 2133 modo
687 2102 815 2146 agunt
851 2098 904 2134 de
935 2097 1037 2146 Lupi
1080 2102 1213 2134 morte
1242 2096 1317 2134 nisi
1348 2096 1573 2134 sententias
1608 2096 1668 2132 di—

199 2158 362 2198 cundo?
391 2161 537 2199 Uerbis
558 2166 693 2210 postea
722 2164 928 2200 sententias
959 2163 1080 2200 dicere
1107 2175 1284 2200 necesse
1321 2168 1385 2200 est
1423 2162 1670 2211 significetur

195 2230 238 2267 id
268 2230 381 2280 quod
411 2230 618 2268 actionem
645 2231 686 2268 in
717 2231 888 2269 concilio
920 2231 1111 2280 sequitur,
1144 2230 1357 2280 indignum
1378 2242 1482 2269 sane
1501 2230 1668 2269 heroico

196 2297 388 2341 carmine,
422 2297 583 2334 satirico
614 2298 782 2335 carmini
812 2298 1082 2348 aptissimum:
1112 2298 1226 2347 quod
1257 2310 1324 2335 me
1345 2298 1514 2348 quidem
1534 2299 1668 2337 iudice

196 2364 292 2401 nihil
323 2364 432 2402 aliud
462 2370 600 2415 potest
631 2377 724 2403 esse
754 2366 831 2403 nisi
862 2366 1040 2415 suffragii
1060 2365 1171 2404 latio.
1232 2365 1312 2403 Dei
1342 2367 1455 2416 apud
1470 2366 1667 2405 Lucilium

193 2432 324 2481 primo
353 2438 479 2481 agunt
509 2433 563 2469 de
594 2433 757 2470 interitu
786 2433 903 2483 Lupi,
948 2438 1097 2483 postea
1128 2434 1356 2471 sententias
1395 2435 1450 2471 de
1490 2447 1543 2472 eo
1575 2436 1672 2471 dant

330 2640 354 2681 1)
381 2642 416 2674 U
434 2649 453 2683 3
481 2642 546 2683 L4
567 2643 621 2674 M:
650 2641 852 2674 ‘consilium
879 2643 1021 2675 summis
1048 2643 1232 2676 hominum
1267 2645 1311 2677 de
1338 2645 1445 2677 rebus
1471 2646 1668 2678 habebant’

193 2704 279 2742 puto
304 2701 542 2743 praecessisse
571 2702 780 2734 mentionem
806 2702 961 2745 Olympi,
992 2703 1042 2735 ita
1072 2708 1110 2735 ut
1142 2714 1175 2737 u.
1206 2705 1419 2737 antecedens
1446 2693 1569 2738 eiricrit
1594 2706 1667 2738 fere

192 2759 228 2791 in
252 2761 363 2793 uerba
386 2760 462 2792 ‘ubi
486 2761 621 2804 saepe.³
660 2762 752 2793 Nam
779 2762 823 2794 de
849 2762 940 2804 Lupi
966 2762 1108 2795 interitu
1129 2763 1276 2796 deorum
1295 2764 1479 2797 consilium
1505 2766 1666 2799 habetur.

329 2819 354 2861 2)
382 2819 494 2862 Quem
518 2820 658 2853 uidetur
683 2821 783 2864 sequi
806 2821 945 2854 Becker
972 2822 1010 2854 in
1036 2822 1171 2856 Philol.
1199 2824 1234 2856 V
1258 2835 1293 2867 p.
1321 2832 1401 2867 727.
