1894 3403
900 348 954 385 44

191 475 298 513 quae
331 463 389 500 sic
419 462 730 512 interpretanda
763 474 853 500 esse
884 462 1022 500 iudico
1054 462 1271 500 Horatium
1303 467 1469 500 secutus
1501 463 1664 507 ducem,

191 532 303 580 apud
332 541 456 581 quem
486 530 750 568 aduersarius
780 531 803 569 l.
837 531 860 568 l.
893 542 931 569 u.
969 530 1039 578 78:

929 597 1096 636 laedere
1123 598 1295 648 gaudes,

300 666 443 715 inquit,
476 671 518 703 et
547 665 627 703 hoc
657 667 796 704 studio
827 678 978 715 prauus
1009 666 1121 706 facis.

190 734 238 770 In
270 745 309 772 u.
341 733 476 783 priore
517 736 633 782 atque
663 734 831 784 scripsi:
879 734 1004 771 codd.
1052 735 1154 783 itque
1198 735 1329 783 itaque
1368 747 1496 783 aquae
1538 736 1666 783 idque.

197 802 344 840 Tristia
373 803 498 847 dicta,
551 808 596 840 ut
633 802 854 840 Trebatius
889 802 990 842 Hor.
1030 808 1106 841 sat.
1139 803 1176 840 II
1213 813 1247 848 1,
1282 813 1327 841 21
1370 803 1481 841 trzivtz'
1514 804 1668 841 laedere

191 881 307 906 uersu
336 869 545 919 proprium
574 869 830 908 Horatianae
861 870 999 920 poesis
1031 870 1142 909 dicit.
1203 869 1389 917 Quorum
1427 881 1493 909 uu.
1525 876 1666 920 poste-

190 937 339 975 riorem
384 937 417 975 si
462 938 591 976 modo
639 944 750 976 recte
795 938 995 989 explicui,
1046 938 1324 976 testimonium
1365 938 1476 976 nacti
1527 950 1665 976 sumus

191 1006 245 1042 de
275 1005 420 1043 Lucilii
455 1006 573 1054 poesi
603 1018 757 1044 nouum
791 1013 833 1045 et
868 1018 1006 1056 graue.
1067 1006 1239 1044 Differre
1284 1006 1450 1045 crimina
1492 1012 1536 1044 et
1570 1007 1666 1044 uitia

190 1073 401 1111 hominum
451 1074 592 1112 dicitur
637 1074 813 1112 Lucilius
861 1072 1158 1124 sermonibus¹)
1204 1074 1287 1112 suis
1330 1074 1411 1112 hoc
1454 1086 1493 1112 u.
1539 1070 1664 1125 (conf.

191 1140 280 1179 Liu.
313 1140 493 1179 XXXIV
523 1154 592 1192 49,
618 1153 660 1191 5:
715 1139 1074 1181 ‘Acrocorinthum
1129 1143 1227 1192 ipsis
1268 1143 1476 1193 extemplo
1521 1143 1667 1180 uiden-

191 1209 299 1248 tibus
342 1223 520 1250 uacuam
550 1210 727 1250 Achaeis
758 1211 1014 1258 traditurum,
1061 1216 1106 1249 ut
1150 1223 1294 1250 omnes
1325 1211 1509 1257 scirent„
1533 1215 1667 1248 utrum

192 1278 392 1316 Romanis
423 1292 477 1316 an
507 1280 667 1317 Aetolis
697 1280 858 1317 mentiri
888 1291 977 1317 mos
1010 1285 1134 1324 esset,
1173 1280 1243 1330 qui
1272 1280 1379 1317 male
1410 1279 1668 1318 commissam

191 1346 422 1385 libertatem
453 1347 606 1397 populo
637 1347 828 1385 Romano
860 1347 1116 1385 sermonibus
1148 1347 1379 1385 distulerint
1412 1376 1420 1384 .
1455 1375 1463 1384 .
1496 1343 1569 1397 .'):
1601 1351 1668 1384 et-

192 1414 301 1452 enim
329 1414 571 1453 sermonibus
601 1416 655 1453 ad
677 1416 874 1453 Lucilium
906 1416 995 1453 sine
1026 1415 1152 1452 dubio
1182 1414 1445 1453 referendum
1474 1420 1551 1453 est.
1584 1414 1667 1453 Ita-

194 1492 274 1532 que
306 1486 464 1519 saturas
505 1493 589 1519 non
629 1482 826 1520 Horatius
862 1494 1073 1519 sermones
1117 1482 1338 1532 appellauit
1378 1482 1543 1531 primus,
1590 1482 1667 1520 sed

195 1560 291 1587 suas
322 1554 365 1587 et
390 1549 535 1588 Lucilii
565 1548 657 1596 (sat.
688 1550 706 1587 I
727 1561 767 1598 4,
792 1560 843 1598 42
877 1562 941 1600 ep.
972 1550 991 1587 I
1021 1561 1060 1598 4,
1090 1545 1129 1601 1)
1158 1547 1216 1587 ita
1246 1549 1469 1600 appellauit
1499 1554 1667 1588 secutus

194 1616 408 1655 Lucilium.
468 1617 595 1664 Quod
636 1618 762 1655 etiam
801 1619 931 1667 magis
970 1623 1142 1667 apparet
1173 1630 1211 1656 u.
1243 1628 1325 1666 914
1353 1617 1386 1655 L
1417 1627 1468 1666 35
1500 1617 1557 1663 M,
1599 1618 1668 1668 qui

194 1685 421 1724 aduersarii
452 1691 535 1724 est:

308 1759 351 1791 et
379 1754 487 1791 male
518 1754 700 1793 dicendo
730 1755 772 1792 in
801 1755 935 1793 multis
965 1754 1214 1793 sermonibu'
1246 1754 1382 1791 differs

192 1822 231 1860 h.
263 1834 298 1862 e.
330 1822 560 1871 proscindis
592 1822 788 1861 conuiciis
821 1819 947 1872 (conf.
979 1821 1158 1860 Nonium
1187 1835 1227 1872 p.
1261 1820 1354 1870 284,
1392 1833 1515 1872 quem
1557 1826 1669 1860 recte

193 1889 398 1940 explicare
428 1888 631 1941 iudico²))
662 1891 704 1928 in
734 1891 870 1928 multis
902 1890 1157 1928 sermonibus
1175 1889 1374 1934 homines,
1405 1890 1446 1926 in
1472 1890 1669 1927 sermoni-

191 1959 268 1997 bus
285 1958 444 2004 Lucilii,
475 1959 516 1997 in
545 1959 748 2010 poematis
780 1959 949 1998 scilicet.
1010 1957 1164 1997 Contra
1195 1957 1303 1996 hunc
1324 1957 1503 1997 Lucilius
1529 1970 1567 1997 u.
1585 1967 1663 2008 973

191 2026 224 2063 L
256 2036 307 2073 32
339 2027 383 2063 M
415 2038 538 2076 quem
568 2028 626 2065 sic
657 2028 853 2077 dispono:

304 2094 423 2132 Haec
449 2100 492 2132 tu
523 2106 589 2131 me
621 2092 866 2133 insimulas?
894 2094 1042 2132 Nonne
1064 2100 1161 2132 ante
1190 2094 1232 2131 in
1265 2095 1392 2132 corde
1416 2095 1578 2132 uolutas
1598 2123 1605 2131 .
1625 2123 1633 2131 .
1655 2124 1663 2133 .

193 2160 299 2198 sicut
328 2161 525 2198 Horatius
557 2149 744 2198 uersibus
779 2162 868 2199 illos
905 2174 1008 2211 quos
1047 2175 1170 2212 supra
1196 2163 1349 2200 contuli
1380 2159 1475 2210 (sat.
1497 2162 1515 2198 Ι
1542 2160 1668 2211 4,79)

194 2234 282 2266 arte
310 2228 577 2279 sequentibus
607 2229 852 2279 interrogat:
880 2225 1023 2267 ‘Unde
1052 2230 1226 2279 petitum
1242 2229 1336 2267 Hoc
1351 2229 1392 2266 in
1420 2241 1487 2266 me
1517 2229 1615 2266 iacis
1638 2225 1668 2266 ³?

191 2308 227 2335 e.
259 2309 298 2347 q.
330 2309 361 2334 s.

326 2364 465 2414 Atque
496 2364 652 2402 deinde
681 2364 816 2402 uerbis
850 2369 885 2401 el
905 2365 1007 2401 male
1029 2365 1185 2402 dicendo
1214 2395 1223 2403 .
1260 2394 1267 2403 .
1302 2395 1310 2403 .
1344 2363 1479 2414 deffers
1498 2375 1668 2413 respon-

328 2575 357 2616 ¹)
383 2575 582 2616 Diuulgare
611 2575 837 2607 sermonibus
864 2575 936 2607 Cic.
963 2586 996 2617 p.
1026 2574 1167 2607 Fontei.
1195 2582 1250 2607 20.

327 2633 353 2675 ²)
378 2635 474 2666 Non.
501 2634 525 2666 1.
551 2634 575 2667 1.
602 2634 771 2673 Differre,
809 2634 969 2667 diuidere
1006 2634 1066 2666 uel
1106 2634 1266 2666 scindere
1295 2659 1303 2666 .
1334 2658 1341 2666 .
1371 2658 1378 2666 .
1407 2632 1593 2665 Terentius
1633 2632 1670 2665 in

191 2693 354 2726 Adelfis:
381 2694 546 2727 miseram
573 2703 641 2732 me,
669 2693 812 2726 differor
837 2694 1036 2726 doloribus.
1087 2693 1259 2734 Uirgilius
1288 2693 1352 2725 lib.
1380 2693 1468 2725 VII:
1509 2697 1569 2725 aut
1593 2703 1670 2735 pro-

192 2752 248 2784 cul
274 2752 357 2785 inde
383 2752 472 2784 citae
497 2753 649 2785 Mettum
675 2753 712 2784 in
739 2753 878 2785 diversa
915 2752 1107 2795 quadrigae
1135 2751 1367 2784 Distulerant.
1419 2751 1580 2783 Lucilius
1603 2751 1667 2783 lib.

191 2812 329 2846 XXX:
357 2816 392 2844 et
416 2811 662 2844 maledicendo
688 2811 726 2844 in
750 2811 869 2844 multis
893 2811 1116 2844 sermonibus
1142 2810 1273 2843 differs.
1323 2810 1471 2843 Plautus
1496 2810 1532 2842 in
1557 2809 1670 2842 Aulu-

191 2870 293 2905 laria:
344 2870 425 2903 Nisi
450 2871 553 2903 reddi
586 2871 674 2903 mihi
706 2881 793 2903 uasa
816 2871 918 2903 iubes
956 2870 1081 2914 pipulo
1107 2874 1143 2903 te
1169 2869 1329 2902 differam
1362 2874 1442 2902 ante
1470 2868 1597 2902 aedis’.
1625 2888 1668 2894 —

193 2930 310 2963 Recte
336 2930 504 2975 explicuit
537 2930 632 2963 idem
664 2930 785 2975 paullo
816 2935 909 2963 ante:
950 2929 1121 2962 ‘Differre
1148 2954 1156 2962 .
1184 2954 1192 2962 .
1220 2954 1228 2962 .
1256 2928 1447 2969 diffamare,
1474 2928 1670 2972 diuulgare.

191 2990 349 3023 Lucilius
377 2991 441 3024 lib.
468 2992 605 3024 XXX:
635 2991 770 3034 gaudes
797 3001 875 3025 cum
903 2991 947 3023 de
974 3001 1030 3023 me
1059 2990 1128 3023 ista
1154 2990 1239 3023 soris
1266 2990 1489 3023 sermonibus
1515 2988 1637 3023 differs
1650 2989 1671 3021 ’-
