1894 3403
1024 309 1071 348 18

302 435 496 474 uidelicet
523 440 727 486 procreat,
758 435 899 485 gignit.
959 434 1143 474 Uerbum
1179 434 1374 500 omissum
1410 445 1504 474 esse
1540 435 1652 486 apud
1686 445 1787 485 poe·

303 509 388 542 tam
433 503 501 553 qui
544 503 723 541 sermoni
767 503 980 553 propriora
1025 502 1231 552 scripserit
1268 514 1354 540 non
1372 501 1384 522 ‘-
1396 503 1597 541 mirabere
1636 502 1785 541 collato

303 571 443 610 Madv.
473 583 642 621 gramm.
674 570 788 609 Lat.⁸
817 568 840 621 ξ
870 580 952 620 479
967 569 998 619 ¹)
1036 582 1174 621 neque
1212 571 1344 609 minus
1384 571 1592 610 concedes
1621 570 1786 621 egregie

304 639 614 688 ambiguitatem
642 638 756 677 uerbi
777 637 961 688 fictorum
991 649 1216 689 congruere
1247 650 1338 677 eum
1369 651 1475 678 uoce
1504 639 1694 690 pergula:
1725 639 1786 677 lo-

304 707 436 756 quitur
480 707 589 743 enim
619 706 798 744 Lucilius
840 712 884 743 ut
929 706 1053 743 homo
1097 718 1194 744 uere
1233 706 1417 745 Graecus
1460 707 1525 745 uel
1557 708 1785 751 Romanus,

303 774 447 824 quibus
475 779 731 824 quantopere
753 773 1007 823 contemptui
1039 773 1186 811 fuerint
1206 774 1371 824 opifices
1401 786 1546 812 omnes
1568 773 1785 813 artificibus

302 843 477 892 egregiis
507 855 593 879 non
625 841 809 891 exceptis
841 842 997 879 docent
1026 840 1167 880 Herm.
1201 841 1271 882 Gr.
1302 842 1466 892 Antiqu.
1494 841 1553 879 111
1582 840 1604 892 ἓ
1633 853 1701 893 41,
1737 852 1784 890 15

304 911 548 960 Marquardt
593 909 741 947 Roem.
789 907 961 947 Alterth.
994 907 1032 945 V
1064 919 1085 946 2
1131 920 1171 959 p.
1203 918 1241 958 9.
1301 908 1490 947 Similiter
1518 907 1601 949 Cic.
1632 910 1687 947 de
1716 909 1784 949 off.

301 977 319 1014 Ι
355 987 433 1025 150
459 973 566 1014 ‘nec
596 977 704 1013 enim
735 977 952 1026 quicquam
982 976 1202 1025 ingenuum
1241 975 1392 1014 habere
1421 982 1560 1026 potest
1590 973 1784 1016 officina’.

303 1044 368 1082 De
399 1044 607 1082 sententia
645 1044 768 1082 totius
810 1043 887 1082 loci
919 1043 1029 1083 conf.
1062 1042 1156 1082 Sen.
1195 1043 1336 1095 fragm.
1375 1054 1464 1083 120.
1502 1054 1572 1081 121
1609 1041 1783 1094 (Haase)

302 1124 325 1149 e
356 1112 596 1150 Lactantio:
640 1107 885 1149 ‘simulacra
927 1112 1098 1149 deorum
1125 1117 1381 1149 uenerantur.
1438 1112 1520 1149 Illis
1559 1112 1785 1162 supplicant

301 1191 413 1229 genu
441 1179 593 1229 posito,
629 1178 696 1216 illa
727 1179 917 1224 adorant,
958 1178 1030 1216 illis
1060 1190 1134 1228 per
1177 1184 1308 1216 totum
1338 1179 1534 1216 adsident
1572 1179 1682 1216 diem
1717 1184 1786 1216 aut

302 1247 484 1291 adstant,
528 1247 601 1284 illis
632 1247 781 1295 stipem
815 1247 979 1296 iaciunt,
1022 1246 1208 1284 uictimas
1241 1248 1436 1286 caedunt:
1475 1253 1517 1285 et
1555 1259 1648 1285 cum
1682 1247 1785 1285 haec

300 1320 518 1365 tantopere
549 1314 780 1365 suspiciant,
812 1313 963 1361 fabros,
1001 1313 1069 1365 qui
1106 1314 1174 1353 illa
1208 1314 1344 1353 fecere
1374 1310 1662 1353 contemnunt'
1691 1344 1701 1354 .
1733 1343 1743 1353 .
1774 1346 1783 1355 .

436 1531 560 1570 Libro
591 1531 670 1570 XV
703 1544 767 1572 uu.
797 1542 891 1581 420.
922 1543 999 1581 421
1034 1532 1068 1571 L
1101 1532 1165 1572 28.
1204 1542 1253 1582 29
1285 1531 1328 1570 M
1360 1532 1418 1570 sic
1445 1532 1616 1570 traditos
1646 1532 1687 1569 in
1716 1542 1784 1569 co-

302 1600 457 1637 dicibus
489 1612 554 1649 ap.
585 1599 691 1639 Non.
722 1613 760 1650 p.
792 1610 894 1649 445:

415 1689 520 1727 quae
550 1678 698 1728 gallam
729 1678 869 1716 bibere
899 1685 942 1717 et
970 1690 1090 1728 rugas
1120 1680 1353 1718 conducere
1383 1679 1536 1717 uentris

413 1745 517 1782 farre
547 1757 718 1783 aceroso
748 1746 828 1783 olei
857 1747 1088 1784 decumano
1117 1758 1225 1796 pane
1256 1758 1431 1784 cumano

417 1813 555 1862 coegit

301 1903 517 1929 correxere
548 1893 732 1931 editores
766 1892 872 1931 hunc
899 1893 940 1931 in
969 1894 1138 1931 modum
1167 1893 1344 1944 priorem
1373 1892 1469 1931 nihil
1499 1898 1706 1931 mutantes

416 1970 520 2009 farre
550 1984 736 2018 acetoso,
768 1972 862 2010 oleo
891 1974 1134 2019 decumano,
1163 1985 1271 2023 pane
1303 1973 1440 2022 coegit

297 2051 376 2087 nisi
405 2052 519 2100 quod
548 2052 608 2100 L.‚
642 2053 736 2102 quia
766 2054 843 2090 oleo
874 2054 1056 2103 ineptum
1087 2065 1181 2090 esse
1211 2053 1327 2098 uidit,
1358 2052 1517 2102 scripsit
1543 2052 1676 2090 oleris:
1707 2064 1780 2090 uo-

298 2129 387 2156 cem
418 2130 577 2156 cumano
606 2131 751 2157 omnes
780 2126 825 2157 ut
852 2120 1000 2157 librarii
1030 2120 1183 2157 mendo
1212 2125 1354 2157 natam
1383 2117 1603 2158 eiecerunt.
1653 2119 1780 2156 Inter-

297 2192 482 2235 pretatur
518 2187 676 2225 Nonius
705 2188 727 2226 1.
762 2188 785 2228 l.
823 2201 970 2226 uocem
1008 2201 1200 2226 acerosum
1235 2188 1296 2226 his
1331 2188 1488 2227 uerbis:
1533 2183 1783 2225 ‘Acerosum

297 2266 475 2305 namque
507 2267 660 2305 panem
706 2255 811 2293 farre
841 2257 972 2294 minus
1002 2262 1175 2307 purgato
1211 2268 1289 2294 nec
1325 2256 1514 2294 sordibus
1550 2267 1575 2292 a
1605 2255 1781 2295 candido

299 2323 498 2372 separatis
540 2324 760 2362 dicendum
789 2331 953 2363 ueteres
983 2331 1229 2375 putauerunt
1259 2356 1267 2365 .
1301 2355 1310 2364 .
1343 2355 1352 2363 .
1381 2324 1503 2362 Hunc
1532 2323 1679 2362 Graeci
1709 2319 1783 2363 αὐ-

297 2386 492 2438 τόπυρον
526 2388 756 2439 uocant’2).
819 2391 940 2429 Panis
986 2393 1189 2430 eiusmodi
1234 2392 1378 2429 dicitur
1412 2392 1601 2430 sordidus
1633 2389 1781 2438 (plaut,

297 2457 410 2497 Asin.
441 2457 460 2495 I
492 2468 529 2503 2,
568 2457 628 2497 16.
661 2455 855 2508 ῥυπαρός
890 2459 1040 2499 Athen.
1071 2459 1129 2497 VI
1158 2472 1197 2510 p.
1217 2459 1297 2508 246
1313 2460 1368 2509 A)
1399 2459 1465 2497 uel
1495 2455 1781 2508 αὐτοπυρίτης

437 2647 460 2687 ¹)
487 2647 590 2681 Conf.
616 2649 695 2681 Ter.
725 2648 869 2682 Phorm.
894 2649 911 2681 I
933 2657 965 2688 2,
986 2657 1048 2691 30:
1076 2648 1231 2682 ‘Noster
1252 2648 1336 2682 mali
1364 2648 1413 2682 nil
1438 2649 1626 2692 quicquam
1642 2647 1778 2693 primo'

295 2707 405 2747 Uerg.
432 2706 521 2740 Aen.
551 2708 588 2739 II
615 2707 682 2748 287
716 2707 800 2740 ‘Ille
827 2707 941 2742 nihil’.
992 2709 1097 2741 Ouid.
1126 2713 1206 2743 met.
1236 2709 1271 2741 V
1297 2716 1358 2749 30:
1395 2708 1479 2741 ‘Ille
1511 2708 1597 2741 nihil
1630 2707 1780 2742 contra'.

296 2765 369 2798 Cic.
397 2766 442 2798 ad
469 2766 551 2798 fam.
577 2767 670 2800 XVI
700 2766 760 2799 18:
788 2766 796 2778 ‘
812 2767 883 2800 Sed
911 2772 948 2800 tu
974 2767 1139 2800 nullosne
1164 2772 1280 2800 tecum
1305 2767 1472 2806 libellos3
1498 2778 1542 2800 an
1567 2768 1692 2811 pangis
1718 2768 1780 2801 ali-

296 2824 382 2865 quid
408 2825 645 2868 Sophocleum
659 2824 694 2858 Τ
721 2845 764 2849 —
791 2827 838 2858 Et
864 2826 913 2858 sic
938 2827 1078 2869 passim,
1103 2828 1310 2870 praesertim
1336 2827 1373 2859 in
1399 2827 1581 2860 Ciceronis
1607 2827 1780 2870 epistulis.

432 2882 461 2927 ²)
489 2884 583 2918 Cels.
611 2885 648 2916 II
669 2885 712 2918 18
736 2885 782 2916 de
807 2895 899 2927 pane
925 2886 1119 2918 disserens:
1147 2886 1294 2918 ‘deinde
1320 2886 1377 2918 cui
1402 2886 1489 2919 nihil
1508 2886 1687 2929 demptum
1714 2891 1779 2925 est,

297 2941 392 2983 quod
417 2942 636 2987 αὐτόπυρον
661 2943 786 2976 Graeci
812 2944 965 2978 uocant’.

1892 451 1894 517 ¹
