1894 3403
918 208 969 258 65

207 336 375 381 poetam
406 334 564 383 colligo,
593 334 634 372 in
668 346 750 384 quo
781 333 1040 371 decreuerint
1071 339 1114 370 et
1144 338 1392 383 tempestate
1419 333 1585 371 inmissa
1607 334 1680 371 de-

208 399 349 439 clarari
387 407 577 451 oportere
619 402 720 440 iram
759 402 933 440 deorum
979 402 1020 439 in
1065 402 1217 440 malum
1253 401 1432 440 iudicem
1474 407 1517 439 et
1553 402 1678 452 ipsius

207 472 339 504 morte
368 468 515 508 satiari.
573 470 685 508 Mors
724 470 828 519 Lupi
869 470 1107 519 prodigiosa
1153 470 1196 507 fit
1240 469 1347 507 sicut
1377 469 1542 507 Romuli
1577 474 1678 507 tem-

207 540 369 584 pestate
400 538 550 575 eodem
580 543 765 588 tempore
796 543 949 576 coorta.
1010 537 1104 575 Sine
1138 537 1263 575 dubio
1294 538 1381 575 eius
1413 537 1482 575 dei
1512 542 1678 575 senten-

207 603 263 640 tia
292 604 388 641 uicit
417 610 640 654 postremo,
672 606 740 655 qui
771 606 931 655 Lupum
962 606 1236 643 occidendum
1266 617 1360 643 esse
1392 605 1563 644 censuit.
1596 603 1678 642 Ne-

206 682 284 720 que
315 683 413 709 uero
443 672 635 710 iambicus
667 674 754 710 eius
772 673 930 710 obitum
957 674 1197 723 tanquillum
1221 680 1291 712 aut
1317 686 1507 711 serenum
1530 674 1676 711 fecisse

206 740 413 787 putandus
445 745 528 776 est:
571 741 647 777 sed
677 752 728 777 eo
768 740 852 778 fato
883 740 1019 779 hercle
1048 742 1289 779 morientem
1326 741 1485 779 induxit
1514 741 1676 791 Lupum

207 818 289 855 quo
319 806 469 844 nullum
502 807 635 857 potuit
663 818 755 845 esse
785 808 850 844 uel
880 808 1035 858 turpius
1069 809 1134 846 uel
1155 809 1352 848 festinius.
1413 808 1519 847 Nam
1548 809 1676 848 habe-

206 886 293 911 mus
323 874 449 911 uerba
479 875 768 923 proclamantis
800 887 867 914 uu.
903 886 965 914 21.
1001 886 1049 912 22
1084 876 1117 912 L
1149 887 1212 924 34.
1244 887 1295 924 35
1330 876 1395 914 M:

318 954 371 991 ad
401 964 545 990 cenam
575 954 793 998 adducam,
826 960 868 991 et
897 955 1070 1004 primum
1095 954 1207 992 hisce
1229 956 1451 993 abdomina
1482 956 1626 993 thuuni
1644 952 1673 1007 ¹)

317 1017 624 1059 aduenientibu’
657 1022 771 1070 priua
802 1022 924 1071 dabo,
956 1022 1261 1072 cephalaeaque
1293 1023 1508 1063 achamae.

205 1100 320 1148 Quos
350 1113 415 1139 uu.
447 1100 540 1149 quia
572 1099 732 1137 fuerunt
764 1100 851 1137 libri
882 1100 901 1137 Ι
931 1112 1012 1150 quo
1044 1102 1215 1139 deorum
1246 1102 1458 1139 concilium
1489 1104 1671 1140 contine-

205 1175 267 1205 tur
303 1169 391 1205 sine
423 1168 547 1205 dubio
580 1169 682 1206 deus
713 1168 907 1217 profatur.
968 1169 1082 1206 Caue
1104 1170 1185 1206 deo
1207 1170 1398 1218 indignos
1420 1177 1555 1220 putes:
1588 1183 1671 1208 non

203 1237 378 1286 putabis,
424 1237 456 1274 si
499 1236 642 1274 similia
687 1249 793 1287 quae
841 1237 1079 1274 admiserint
1108 1237 1311 1275 Lucianus
1357 1244 1398 1275 et
1443 1238 1600 1276 Seneca
1630 1246 1673 1277 et

195 1306 424 1364 ¹praecipue
456 1305 739 1355 Epicharmus,
771 1305 839 1355 qui
870 1306 911 1343 in
945 1306 1172 1343 comoediis
1209 1308 1312 1344 deos
1345 1308 1583 1357 saepissime
1614 1308 1672 1345 in-

204 1374 317 1411 duxit
349 1375 402 1411 de
434 1375 579 1412 eduliis
611 1375 886 1413 uociferantes
917 1376 1255 1414 consideraueriS.
1315 1371 1672 1412 Animum'atten-

203 1442 279 1479 das
310 1443 365 1478 ad
393 1442 493 1479 hisce
522 1443 781 1487 uocabulum,
822 1443 1003 1492 inprimis
1052 1454 1151 1479 uero
1195 1444 1250 1479 ad
1294 1442 1467 1479 futurum
1514 1449 1671 1491 tempus

202 1508 391 1544 adducam
440 1507 550 1545 dabo.
611 1508 715 1545 Sunt
758 1509 952 1545 uidelicet
998 1509 1124 1545 uerba
1168 1508 1257 1553 dei,
1305 1508 1479 1545 fortasse
1509 1514 1674 1557 propter

201 1575 373 1624 piscium
404 1574 703 1626 mentionem2)
745 1575 924 1626 Neptuni
967 1576 1212 1626 exponentis
1258 1576 1297 1612 in
1343 1576 1514 1614 concilio
1559 1582 1672 1625 post-

200 1654 324 1692 quam
355 1644 528 1680 deorum
557 1650 725 1681 senatus
757 1644 875 1693 Lupo
911 1656 1002 1681 esse
1034 1644 1321 1681 intereundum
1343 1644 1540 1689 decreuit,
1570 1656 1671 1693 quo-

164 1748 167 1750 .
200 1712 327 1748 modo
358 1724 453 1748 eum
485 1717 767 1761 perempturus
798 1712 861 1751 sit.
915 1713 1098 1749 Adducit
1112 1712 1273 1762 Lupum
1291 1712 1477 1761 Lupique
1500 1724 1668 1761 conger-

201 1776 364 1828 rones3)
418 1780 471 1817 ad
516 1791 685 1824 cenam,
736 1777 915 1830 multis4)
967 1779 1126 1816 ferculis
1178 1780 1307 1817 allatis
1358 1780 1518 1829 Lupum
1563 1781 1671 1829 cogit

200 1847 426 1884 uoracitate
458 1858 530 1884 sua
562 1848 739 1889 animam
761 1847 911 1886 efflare.
972 1847 1089 1885 Haec
1121 1859 1185 1884 me
1217 1860 1301 1884 non
1318 1847 1506 1885 hariolari
1525 1847 1669 1884 uideas

198 1926 221 1950 e
252 1926 289 1951 u.
330 1914 433 1962 1084
466 1915 498 1952 L
529 1915 588 1952 IV
621 1926 640 1964 7
674 1916 717 1953 M

311 1994 501 2030 occidunt
531 1993 659 2045 Lupe,
693 1996 894 2045 saperdae
927 2001 968 2032 te
999 2001 1038 2031 et
1069 1995 1152 2032 iura
1184 1995 1290 2032 siluri

333 2188 357 2229 ¹)
381 2188 584 2220 Abdomina
621 2189 743 2221 thunni
788 2191 906 2222 dicunt
939 2192 1066 2223 Graeci
1104 2191 1340 2234 ὑπογάστρια
1377 2192 1535 2225 Θύννουῑ
1575 2193 1666 2224 cons.

196 2247 327 2279 Athen.
355 2247 427 2278 VII
451 2258 484 2289 p.
508 2254 576 2288 302
600 2248 645 2279 D.
685 2248 778 2281 Plin.
806 2249 864 2280 IX
890 2249 947 2290 48.

332 2305 357 2347 2)
383 2306 481 2338 Conf.
514 2306 732 2339 Philemonis
768 2319 801 2340 u.
836 2310 928 2352 apud
955 2310 1064 2341 Mein.
1111 2321 1256 2353 eorm-4,
1286 2319 1345 2352 27:
1382 2310 1426 2344 ὃν
1456 2314 1536 2352 τοῖς
1567 2313 1667 2353 θεοῖς

197 2364 306 2408 Φέρει
337 2364 539 2399 Ποσειδῶν
569 2365 733 2409 γόγγρον
765 2365 817 2408 εἰς
855 2367 923 2401 τὸν
954 2368 1126 2411 οὐρανόν.
1176 2369 1375 2412 Epicharm.
1408 2369 1523 2412 Ἥβας
1555 2370 1665 2416 γάμῳ

197 2433 237 2457 21
279 2425 431 2456 Lorenz:
470 2424 589 2467 Αὐτὸς
619 2425 639 2459 ὁ
680 2424 850 2460 Ποτιδὰν
887 2427 992 2469 ἄγων
1031 2428 1223 2469 γαύλοισιν
1262 2429 1303 2462 ἑν
1341 2429 1567 2471 Φοινικικοῖς
1598 2429 1666 2472 ἧκε

195 2482 392 2525 καλλίστας
416 2482 582 2526 σαγήνας
608 2494 637 2516 e.
665 2496 697 2528 q.
725 2496 751 2517 s.
779 2486 921 2519 Lucian.
948 2487 1021 2518 Iou.
1056 2492 1143 2528 trag.
1169 2494 1211 2529 25
1247 2487 1402 2530 Ἄπαγε,
1431 2489 1667 2531 θυννῶδες

194 2543 239 2578 τὸ
265 2542 459 2586 ἐνθύμημα
484 2542 515 2577 ὧ
543 2542 731 2577 Πόσειδον
756 2546 833 2579 κτλ.

329 2602 357 2644 ⁵)
383 2602 483 2635 Conf.
512 2603 578 2635 inc.
609 2611 699 2635 1010
723 2605 754 2635 L
780 2604 824 2645 64
850 2606 900 2638 M.

327 2663 354 2704 ⁴)
379 2662 504 2695 Multis
530 2662 671 2696 ferculis
699 2674 822 2696 cenam
847 2665 961 2708 parari
986 2670 1087 2709 patet
1107 2676 1148 2698 ex
1171 2667 1343 2699 uocabulo
1362 2670 1537 2709 primum,
1572 2668 1666 2711 quod

193 2722 424 2762 gustationem
462 2722 647 2763 significat:
690 2723 779 2757 conf.
805 2724 956 2756 Martial.
987 2725 1026 2756 X
1054 2725 1111 2764 48,
1146 2734 1206 2758 12:
1247 2725 1309 2758 ‘Et
1339 2726 1519 2758 madidum
1544 2726 1667 2770 thynni

193 2780 238 2812 de
264 2781 337 2813 sale
366 2791 486 2814 sumen
512 2782 586 2814 erit.
621 2783 750 2815 Gustus
775 2783 811 2814 in
836 2782 906 2815 his:
932 2794 1001 2815 una
1024 2790 1172 2827 ponetur
1205 2786 1329 2818 cenula
1354 2786 1492 2818 mensa’
1518 2797 1548 2819 e.
1577 2798 1610 2829 q.
1639 2798 1666 2819 s.

192 2839 286 2871 Cels.
311 2841 329 2872 Ι
356 2849 386 2872 2.
426 2840 544 2872 ‘Cibus
572 2852 591 2872 a
606 2841 837 2874 ,salsamentis
855 2867 862 2873 .
880 2867 887 2874 .
905 2867 912 2874 .
927 2843 1053 2874 melius
1080 2844 1224 2887 incipit?

1379 2913 1395 2946 5
