1894 3403
936 229 988 269 47

225 346 382 385 seruati
412 351 520 391 sunt,
551 351 709 396 partem
739 355 904 394 ponam.
965 343 1112 380 Narrat
1149 342 1283 392 aliqua
1313 347 1432 380 uates
1463 341 1529 379 uel
1560 342 1695 379 anima

225 415 374 452 mortui
404 414 617 452 cuiusdam
647 415 701 458 (u.
737 409 807 461 20)
835 424 884 449 ex
917 411 1092 449 Tartaro
1124 411 1306 447 rediens:

339 479 523 535 Πλούτῳ
554 482 590 522 δ’
623 478 746 521 ἐκεῖν’
778 476 831 529 ἦν
860 477 1003 520 πάντα
1033 476 1375 528 συμπεφυρμένα

336 548 383 589 ἐν
411 549 543 588 πᾶσιν
574 546 752 596 ἀγαθοῖς
781 544 923 586 πάντα
953 544 1119 595 τρόπον
1150 542 1420 594 εἰργασμένα.

336 614 520 667 ποταμοὶ
551 614 626 667 μὲν
656 612 823 665 ἀθάρης
854 612 923 654 καὶ
953 611 1141 664 μέλανος
1171 612 1312 663 ζωμοῦ
1341 610 1459 666 πλέῳ

338 684 407 725 διὰ
436 685 522 724 τῶν
552 683 787 723 στενωπῶν
818 682 1207 732 πομφολυγοῦντες
1239 679 1391 730 ἔρρεον

256 764 278 800 5
338 750 508 791 αὐταῖσι
539 749 793 801 μυστίλαισι,
823 748 892 788 καὶ
921 749 1095 789 ναστῶν
1126 746 1278 798 τρύφη.

338 817 441 859 ὥστ’
472 816 634 868 εὐμαρῆ
665 829 714 865 γε
742 814 1025 866 καύτομάτως
1056 814 1135 864 τὴν
1164 813 1335 856 ἔνθεσιν

340 887 495 937 χωρεῖν
525 883 711 935 λιπαρὰν
742 882 850 923 κατὰ
880 884 957 922 τοῦ
987 881 1202 933 λάρυγγος
1231 883 1321 932 τοῖς
1351 883 1520 932 νεκροῖς
1551 915 1559 922 .
1592 915 1600 922 .
1633 915 1640 922 .

229 967 281 994 20
312 956 355 1005 R.
388 952 482 1005 Οἴμ’
514 952 575 1005 ὡς
607 951 783 1002 ἀπολεῖς
815 949 853 1002 μ’
885 950 1069 992 ἐνταῦθα
1100 948 1354 1002 διατρίβους’
1386 948 1447 991 ἔτι

339 1022 481 1072 παρὸν
513 1021 727 1071 κολυμβᾶν
756 1019 818 1070 ὼς
849 1017 958 1069 ἔχετ’
994 1017 1055 1068 εἰς
1085 1018 1162 1059 τὸν
1192 1017 1427 1069 Τάρταρον.

311 1092 358 1130 A.
389 1087 437 1129 Τί
468 1089 575 1138 δῆτα
606 1086 752 1137 λέξεις,
783 1083 998 1126 τάπίλοιπ’
1031 1083 1165 1136 ἤνπερ
1196 1084 1327 1139 πύθῃ;

339 1156 498 1198 ὀπταὶ
528 1155 702 1206 κίχλαι
732 1153 827 1205 γὰρ
858 1151 933 1204 εἰς
964 1151 1248 1205 ἀνάβραστ’
1265 1152 1298 1205 ¹)
1329 1152 1607 1205 ἠρτυμέναι

337 1223 453 1275 περὶ
482 1223 539 1264 τὸ
569 1222 710 1273 στόμ’
742 1218 973 1263 ἐπέτοντ’
1007 1219 1310 1273 ἀντιβολοῦσαι
1340 1223 1559 1263 καταπιεῖν

230 1305 279 1342 25
340 1291 424 1333 ὑπὸ
456 1289 695 1343 μυῤῥίναισι
725 1288 991 1340 κάνεμώναις
1021 1289 1246 1340 κεχυμέναι
1277 1304 1312 1330 e.
1345 1303 1384 1341 q.
1416 1304 1446 1331 s,

228 1361 357 1399 Uides
379 1367 423 1399 ut
444 1358 734 1410 ἠρτυμέναι
764 1371 846 1396 uox
876 1359 1127 1408 respondeat
1155 1359 1286 1395 curati
1301 1358 1551 1404 Lucilianae,
1573 1371 1696 1409 quam

229 1429 386 1468 Nonius
416 1435 527 1466 recte
559 1441 641 1466 cum
674 1428 815 1465 delectu
857 1431 1090 1475 apparatum
1127 1427 1262 1464 uerbis
1294 1427 1482 1476 explicat.
1544 1426 1697 1464 Confe-

229 1497 345 1534 rendi
386 1502 600 1545 praeterea
647 1495 900 1532 Pherecratis
949 1494 1136 1531 eiusdem
1181 1494 1222 1530 in
1272 1493 1405 1531 Persis
1443 1506 1509 1533 uu.
1555 1493 1696 1545 (Mein.

233 1574 269 1609 2,
301 1560 424 1612 315):

339 1628 393 1670 τὰ
423 1628 470 1669 δὲ
487 1627 538 1678 δὴ
556 1626 710 1677 δένδρη
728 1624 806 1667 τάν
827 1627 919 1677 τοῖς
950 1624 1098 1678 ὄρεσιν
1121 1628 1299 1678 χορδαῖς
1321 1625 1473 1679 ὀπταῖς
1490 1627 1696 1680 ἐριφείοις

340 1694 644 1747 φυλλοροήσει,
686 1693 756 1735 καὶ
801 1693 1026 1745 τευθιδίοις
1071 1693 1254 1746 ἁπαλοῖς
1300 1693 1463 1746 κίχλαις
1503 1695 1537 1737 τ’
1570 1694 1698 1747 ἀναβ-

1393 1761 1582 1814 ράστοις.

228 1833 283 1871 Et
316 1832 551 1870 Teleclides
583 1830 947 1882 Amphictyonibus
978 1829 1123 1882 (Mein,
1158 1842 1194 1878 2,
1225 1829 1346 1881 361):

339 1897 467 1940 ὀπταὶ
513 1899 560 1939 δὲ
590 1897 729 1949 κίχλαι
775 1896 860 1948 μετ’
903 1896 1149 1949 ἀμητίσκων
1194 1897 1254 1949 εἰς
1294 1897 1371 1941 τὸν
1401 1898 1559 1951 φάρυγ’
1591 1898 1699 1942 εἰσε-

1389 1966 1585 2010 πέτοντο.

229 2037 474 2074 Hominibus
504 2036 674 2073 mortuis
706 2041 790 2073 tam
822 2035 969 2073 festiue
999 2036 1230 2073 uiuentibus
1248 2037 1374 2074 deum
1389 2038 1566 2087 aliquem
1596 2045 1699 2088 puto

231 2104 326 2153 fingi
355 2109 668 2153 proponentem,
712 2109 757 2141 ut
800 2103 841 2140 in
876 2103 1003 2140 uitam
1036 2102 1256 2140 humanam
1295 2105 1430 2143 sinant
1466 2117 1510 2143 se
1541 2107 1700 2144 restitui

235 2172 453 2209 diuinitus:
488 2177 530 2208 at
560 2182 704 2207 omnes
734 2176 926 2208 recusant
957 2167 1050 2221 (frg.
1082 2169 1137 2219 Ι);

342 2252 426 2276 non
454 2239 586 2277 datur.
619 2239 797 2275 admittit
825 2250 961 2283 nemo,
992 2250 1070 2275 nec
1103 2239 1242 2275 uiuere
1270 2240 1426 2276 ducunt

229 2307 369 2344 nauci:
401 2307 481 2343 tale
512 2306 611 2355 quid
628 2306 916 2355 suppleuerim.
948 2306 1058 2343 Dicit
1078 2307 1185 2343 enim
1200 2307 1253 2343 de
1270 2307 1439 2344 mortuis
1472 2319 1576 2345 unus
1608 2321 1700 2346 sese

234 2374 356 2413 malle
387 2375 590 2424 pecudem
621 2374 686 2412 uel
717 2375 875 2412 asinum
904 2375 1031 2420 nasci,
1065 2386 1187 2424 quam
1207 2374 1425 2423 hominem,
1458 2376 1491 2413 si
1522 2383 1700 2426 quantos

230 2443 416 2480 omnibus
450 2443 584 2479 modis
616 2443 776 2479 labores
806 2448 1065 2492 quantasque
1095 2454 1311 2480 aerumnas
1335 2444 1546 2492 pertulerit
1576 2444 1699 2483 homo

231 2510 467 2547 consideret
512 2508 602 2559 (frg.
634 2510 671 2546 ΙΙ
694 2515 743 2556 ,εἴ
767 2508 854 2559 ΙΙΙ).
899 2508 1016 2557 [Non
1060 2509 1247 2546 hariolari
1292 2522 1357 2547 me
1401 2512 1625 2558 concedes,
1667 2514 1700 2550 si

230 2578 573 2615 demonstrauero
610 2577 724 2627 tangi
761 2589 785 2615 a
814 2583 939 2627 poeta
967 2576 1185 2615 Menandri
1231 2577 1411 2616 fabulam
1451 2577 1701 2630 Θεοφορου-

367 2681 391 2723 ¹)
418 2683 572 2714 Uersum
597 2682 645 2714 ita
679 2681 856 2714 constituit
880 2681 1082 2714 Meinekius
1109 2682 1309 2715 coniectura
1347 2695 1416 2716 non
1448 2686 1593 2728 palmari
1626 2688 1701 2730 qui-

230 2744 321 2784 dem,
346 2750 384 2777 ut
409 2745 493 2778 mihi
520 2746 672 2789 uidetur,
710 2751 744 2778 at
771 2746 886 2789 qualis
923 2747 967 2778 sit
992 2747 1081 2778 nihil
1108 2747 1255 2779 interest
1279 2747 1418 2779 Lucilii.
1469 2747 1589 2780 Codex
1615 2748 1701 2791 opti-

227 2814 322 2837 mus:
358 2803 468 2838 ὀπταὶ
492 2805 553 2838 καὶ
579 2803 698 2847 κίχλαι
725 2804 797 2847 γὰρ
835 2803 885 2846 εἰς
919 2804 1140 2848 ἀναβράσεις
1168 2833 1174 2839 .
1202 2805 1424 2849 ἀναβράσεις
1451 2834 1460 2840 .
1485 2806 1699 2852 ἀνάβραστ’,

228 2871 319 2904 quae
350 2862 455 2894 foede
479 2862 691 2905 interpolata
716 2873 796 2896 esse
820 2868 928 2906 patet.
