1894 3403
944 282 996 334 36

356 405 504 460 Neque
539 407 649 446 enim
683 418 806 445 uersu
837 406 879 444 in
914 407 1020 443 duas
1051 412 1189 456 partes
1225 407 1414 454 discisso,
1448 409 1586 459 qualia
1617 409 1703 447 ual-

224 477 279 515 de
309 489 400 515 raro
437 476 565 514 habet
595 475 824 525 fragmenta
855 473 1027 525 Nonius,
1072 475 1154 513 ulla
1198 474 1330 512 afferri
1365 482 1508 526 potest
1540 477 1703 517 medela

223 545 402 582 numeris
432 543 758 594 repugnantibus
796 548 838 580 et
876 553 970 580 cum
1000 541 1123 579 Nonii
1164 542 1271 580 libris
1302 548 1344 580 et
1378 543 1570 582 lemmate
1612 544 1702 594 ipso

223 619 389 651 uetetur
418 612 541 650 scribi
573 612 688 661 quod
718 610 838 649 facile
867 610 1001 660 potuit
1033 610 1211 649 Lucilius
1243 622 1320 649 nec
1353 612 1514 662 inepte:

338 690 500 729 aridum
528 690 723 728 miserum
754 689 880 740 atque
910 688 1051 726 infelix
1082 687 1236 739 lignum
1266 689 1662 735 sabucumuocant,

226 792 281 799 —
309 783 405 808 nam
443 770 602 808 aridum
633 770 805 808 formam
837 774 1008 818 usurpat
1047 768 1148 806 libro
1176 768 1234 806 IX
1259 778 1338 817 313
1371 769 1404 807 L
1436 768 1460 807 6
1490 770 1535 808 M
1570 791 1618 797 --
1650 770 1704 808 de

224 839 425 877 industria
456 837 693 876 adhibuisse
726 836 876 875 formas
916 836 1056 873 ardum
1094 836 1348 874 miserrimum
1385 838 1597 887 putandus
1627 844 1703 878 est.

224 908 316 957 Ego
347 908 516 957 quidem
563 906 812 945 coniecturis
850 905 1075 955 repudiatis
1121 906 1175 942 de
1219 905 1299 943 hoc
1340 918 1461 944 uersu
1492 907 1550 945 sic
1593 907 1704 946 malo

225 980 408 1012 statuere
439 986 563 1024 quam
594 975 649 1012 ad
678 986 804 1012 unum
834 974 971 1011 omnia
1003 973 1168 1022 egregie
1201 973 1311 1011 dieta
1341 975 1469 1012 uerba
1489 975 1704 1024 corrigere.

358 1041 655 1091 Interpretatus
677 1047 741 1079 est
765 1041 1044 1078 Franckenius
1073 1040 1183 1077 hunc
1213 1040 1347 1078 locum
1377 1041 1419 1078 in
1446 1042 1594 1081 coniect.
1617 1043 1704 1079 crit.

227 1111 284 1146 ad
311 1109 448 1147 Lucil.
481 1109 575 1148 libr.
610 1110 783 1146 decadem
817 1108 877 1145 II
897 1112 933 1145 el
962 1108 1050 1145 III
1072 1121 1111 1157 p.
1144 1107 1168 1145 6
1199 1120 1250 1145 ex
1278 1107 1366 1145 Plin
1396 1109 1534 1147 XXIX
1559 1119 1609 1159 57
1633 1140 1641 1148 .
1665 1141 1673 1149 .
1696 1139 1705 1148 .

224 1174 451 1227 ‘supplicia
489 1188 627 1214 annua
672 1187 798 1214 canes
844 1176 1033 1224 pendunt
1082 1175 1188 1212 inter
1230 1177 1378 1214 aedem
1406 1176 1634 1214 quentatis
1665 1182 1706 1213 et

226 1244 437 1282 Summani
468 1244 550 1281 uiui
581 1244 622 1280 in
644 1243 757 1280 furca
786 1243 967 1280 sabucea
992 1254 1106 1280 armo
1127 1239 1213 1280 fixi’
1243 1243 1313 1288 ita,
1344 1249 1389 1281 ut
1405 1249 1709 1294 conquerantur

227 1314 281 1351 de
313 1312 512 1362 supplicio
543 1323 669 1350 canes
700 1317 742 1348 et
772 1322 854 1360 quo
887 1311 1054 1348 nomine
1086 1316 1260 1348 tortores
1298 1310 1484 1349 homines
1514 1323 1590 1349 suo
1621 1322 1706 1348 ser-

225 1392 362 1425 mone,
393 1392 477 1418 non
512 1380 661 1418 canino
692 1379 906 1416 materiam
943 1378 1081 1416 furcae
1113 1378 1333 1428 appellent,
1373 1383 1705 1417 commemorent.

228 1448 401 1487 Errauit.
452 1447 570 1485 Haec
599 1447 727 1484 uerba
756 1457 841 1484 non
872 1446 1018 1483 dicunt
1047 1457 1186 1490 canes,
1219 1446 1294 1483 sed
1324 1445 1532 1486 homines:
1569 1457 1706 1496 neque

227 1516 337 1554 enim
379 1516 475 1552 ideo
521 1515 699 1552 sabucus
746 1514 901 1563 lignum
947 1513 1086 1550 infelix
1135 1519 1212 1557 est,
1258 1514 1372 1563 quod
1413 1526 1537 1552 canes
1582 1515 1624 1551 in
1658 1527 1708 1552 ea

226 1583 560 1632 suspenduntur3
603 1582 679 1620 sed
716 1582 813 1632 quia
851 1581 970 1618 arbor
1004 1580 1069 1618 illa
1101 1580 1241 1618 infelix
1272 1580 1460 1628 habetur,
1486 1587 1706 1632 propterea

225 1651 266 1687 in
297 1662 348 1687 ea
379 1661 503 1687 canes
535 1649 670 1687 solent
700 1649 899 1698 supplicio
932 1648 1051 1685 affici.
1085 1648 1184 1687 Plin.
1215 1648 1313 1686 XVI
1349 1649 1425 1686 108
1470 1651 1523 1687 de
1554 1650 1706 1688 arbori-

226 1719 322 1756 bus:
354 1715 567 1756 ‘Infelices
585 1705 725 1755 autem
745 1717 1027 1755 existimantur
1053 1717 1359 1767 damnataeque
1381 1717 1576 1767 religione
1598 1730 1705 1768 quae

227 1798 363 1836 neque
409 1791 600 1823 seruntur
640 1797 821 1834 unquam
863 1796 1000 1833 neque
1050 1784 1225 1822 fructum
1270 1782 1438 1824 ferunt’.
1485 1786 1536 1825 cf.
1567 1786 1709 1824 XXIV

228 1852 294 1893 68.
329 1851 435 1903 73¹).
493 1853 579 1891 Sed
624 1852 729 1890 haec
759 1853 891 1889 minus
935 1852 991 1889 ad
1032 1862 1138 1890 rem:
1185 1852 1500 1903 interpretemur
1542 1859 1708 1903 oportet

227 1920 265 1959 h.
297 1932 334 1960 u.
380 1932 432 1957 ex
464 1920 667 1970 Tarquitii
698 1919 823 1957 Prisci
863 1920 1088 1957 ostentatio
1134 1920 1340 1958 arborario
1386 1922 1496 1970 apud
1525 1922 1709 1960 Macrob.

228 1989 289 2027 111
322 1999 386 2035 20,
420 1999 464 2038 3:
496 1985 686 2027 ‘arbores
730 2000 838 2039 quae
870 1987 1044 2025 inferum
1078 1988 1250 2026 deorum
1282 1990 1639 2041 auertentiumque
1670 1991 1712 2028 in

228 2057 358 2095 tutela
397 2063 506 2102 sunt,
547 2069 618 2094 eas
658 2056 842 2094 infelices
877 2057 1110 2095 nominant:
1157 2057 1369 2103 alternum,
1411 2057 1711 2108 sanguinem²)‚

228 2124 388 2172 filicem,
418 2125 540 2162 ficum
571 2130 718 2170 atrum,
756 2136 928 2173 quaeque
958 2123 1091 2160 bacam
1122 2124 1283 2174 nigram
1313 2126 1528 2176 nigrosque
1546 2126 1713 2179 fructus

216 2188 390 2245 serunt’
419 2204 455 2231 e.
485 2204 524 2242 q.
557 2204 588 2231 S.
649 2192 702 2229 Et
734 2197 858 2229 antea
890 2189 972 2240 (2):
1008 2187 1251 2230 ‘Sciendum
1280 2194 1395 2243 quod
1422 2194 1519 2232 ficus
1538 2196 1630 2233 alba
1662 2207 1711 2232 ex

229 2260 415 2298 felicibus
460 2261 512 2298 sit
541 2260 756 2298 arboribus
802 2265 948 2298 contra
994 2260 1114 2309 nigra
1159 2273 1212 2297 ex
1258 2260 1490 2313 infelicibus.
1547 2261 1713 2300 Docent

161 2371 168 2379 ¹
229 2341 306 2366 nos
340 2334 555 2379 utrumque
585 2325 822 2379 pontifices’
853 2340 887 2367 e.
908 2340 946 2378 q.
969 2340 1002 2366 s,
1063 2329 1190 2378 Atqui
1220 2325 1380 2367 ‘sabuci
1401 2330 1541 2368 acinos
1559 2330 1712 2368 habent

231 2392 387 2446 nt'gros’
417 2394 539 2443 (Plin.
572 2396 670 2434 XVI
707 2394 816 2446 180).
842 2417 893 2422 —
911 2396 1065 2446 Tangit
1095 2397 1216 2446 igitur
1244 2403 1371 2447 poeta
1395 2397 1476 2436 hoc
1505 2411 1544 2438 u.
1563 2399 1713 2437 doctri-

229 2477 326 2502 nam
353 2464 606 2514 pontificum.
638 2463 690 2502 U.
713 2463 793 2514 627
818 2464 851 2501 L
882 2463 936 2512 38
953 2464 997 2502 M
1027 2464 1122 2501 huic
1144 2465 1348 2503 simillimo
1378 2466 1713 2516 philosophorum

231 2532 408 2569 maxime
437 2531 667 2569 Stoicorum
699 2532 927 2569 sententias
958 2532 1111 2571 irridit:

344 2600 536 2638 insanum
567 2605 734 2645 uocant,
766 2612 890 2650 quem
919 2600 1088 2638 maltam
1120 2612 1169 2638 ac
1201 2600 1393 2639 feminam
1424 2602 1504 2639 dici
1533 2601 1690 2640 uident.

371 2799 400 2847 ¹)
425 2803 534 2845 Uerg.
563 2813 684 2845 georg.
712 2804 749 2836 II
775 2811 845 2846 314
883 2806 977 2839 Aen.
1008 2805 1063 2837 VI
1102 2812 1181 2847 230.
1207 2805 1301 2839 Plin.
1335 2805 1431 2839 XIII
1459 2807 1535 2841 116.
1574 2807 1713 2841 Pallad.

230 2863 319 2904 Apr.
345 2862 384 2893 II
413 2869 442 2895 1.

368 2917 394 2965 ²)
421 2920 470 2953 H.
502 2931 531 2955 e.
558 2920 766 2961 alaternum,
794 2922 1020 2964 sanguineam
1045 2923 1136 2958 Plin.
1162 2924 1258 2957 XV1
1287 2925 1353 2958 108
1383 2925 1519 2958 XXIV
1544 2933 1600 2969 73.
