1894 3403
952 204 1003 247 29

244 320 362 371 Quos
392 332 457 362 uu.
488 327 600 360 recte
629 321 735 360 inter
764 333 857 360 sese
888 321 1078 373 coniungi
1116 321 1331 372 intelleges
1362 321 1395 359 si
1424 318 1598 359 Horatio
1630 330 1711 371 quo

239 391 365 429 modo
396 401 468 428 eos
498 391 677 429 imitatus
708 390 759 428 sit
789 390 966 428 animum
995 390 1222 428 aduerteris
1251 395 1327 428 sat.
1359 389 1397 427 Π
1432 399 1465 434 1,
1502 398 1551 425 10

352 459 435 497 Aut
461 458 495 496 si
525 464 661 496 tantus
692 470 807 496 amor
836 458 1038 496 scribendi
1068 463 1111 495 te
1140 457 1258 506 rapit,
1289 457 1397 495 aude

351 526 536 565 Caesaris
565 527 703 565 inuicti
732 538 797 564 res
828 527 978 572 dicere,
1009 525 1138 564 multa
1168 525 1353 563 laborum

348 594 529 644 praemia
559 594 712 632 laturus
727 592 770 644 ¹).

242 664 366 703 Porro
397 674 491 701 sese
519 668 684 701 excusat
705 662 879 701 Lucilius
907 662 1058 700 eadem
1082 661 1241 699 ratione
1272 673 1352 712 qua
1367 660 1579 700 Horatius:
1612 662 1710 700 dicit

236 730 345 767 enim
373 742 411 767 u.
445 728 524 776 556
557 729 590 766 L
622 729 673 766 28
703 730 746 766 M

330 809 425 848 ego,
443 797 476 835 si
491 797 559 847 qui
575 808 665 835 sum
680 803 721 835 et
737 808 817 847 quo
833 796 1009 835 folliculo
1026 808 1133 834 nunc
1148 808 1235 834 sum
1256 797 1435 842 indutus,
1452 808 1536 833 non
1557 807 1663 847 queo
1674 793 1708 845 2)

234 866 319 904 noli
356 865 507 904 mirari:
557 877 642 903 non
688 865 825 902 omnia
869 876 1087 914 possumus
1131 877 1285 904 omnes.
1347 864 1465 903 Conf.
1494 864 1595 904 Hor.
1626 864 1650 902 1.
1682 864 1706 903 l.

234 946 272 973 u.
305 944 356 982 24
387 945 476 984 sqq.

347 1000 457 1048 Quid
487 999 663 1039 faciam?
694 1000 823 1038 Saltat
851 1000 1049 1038 Milonius
1080 1030 1088 1039 .
1121 1031 1129 1040 .
1162 1032 1171 1040 .

347 1066 495 1106 Castor
524 1069 680 1118 gaudet
710 1068 838 1119 equis,
872 1079 953 1106 ouo
983 1074 1206 1118 prognatus
1236 1069 1385 1106 eodem

349 1137 517 1185 pugnis:
548 1136 662 1187 quod
688 1137 865 1185 capitum
894 1136 1047 1181 uiuunt,
1078 1137 1252 1174 totidem
1282 1137 1509 1173 studiorum

350 1204 475 1243 milia.

236 1282 361 1329 Quod
390 1284 524 1320 multis
555 1296 622 1321 uu.
666 1284 763 1321 item
807 1284 993 1333 exposuit
1022 1284 1211 1328 Lucilius,
1257 1295 1427 1332 quorum
1468 1283 1708 1332 superstites

233 1356 276 1388 ut
307 1351 520 1400 intellegas
552 1352 718 1401 supple:
761 1348 880 1390 ‘Non
911 1363 1055 1389 omnes
1087 1351 1222 1388 eidem
1251 1351 1310 1388 rei
1340 1362 1509 1400 operam
1540 1351 1707 1389 damus:

234 1419 309 1454 sed
341 1430 391 1455 ea
420 1418 628 1455 hominum
658 1425 804 1455 natura
835 1425 899 1455 est
930 1416 1012 1469 (uu.
1047 1429 1139 1465 542.
1172 1428 1251 1465 543
1286 1418 1319 1455 L
1346 1429 1383 1466 9.
1418 1428 1464 1454 21
1499 1417 1561 1467 M)

343 1490 386 1523 ut
417 1497 495 1535 ego
525 1484 717 1535 effugiam
747 1486 862 1536 quod
892 1491 934 1523 te
964 1485 1143 1535 inprimis
1175 1496 1324 1534 cupere
1356 1485 1482 1536 apisci
1512 1485 1707 1534 intellego

346 1558 387 1589 et
403 1554 515 1602 quod
530 1554 601 1590 tibi
617 1565 869 1601 magnopere
886 1553 1000 1590 cordi
1016 1558 1092 1597 est,
1112 1552 1209 1588 mihi
1224 1552 1490 1589 uehementer
1506 1553 1707 1601 displicet.

233 1619 309 1657 Alii
339 1620 447 1657 enirn
476 1619 758 1671 philosophiae
786 1631 954 1670 operam
982 1624 1154 1658 nauant:
1183 1619 1259 1657 sed
1288 1619 1388 1657 nihil
1418 1619 1523 1658 haec
1553 1620 1608 1657 ad
1629 1619 1708 1658 Lu-

233 1688 385 1727 cilium:
425 1688 531 1727 conf.
574 1700 639 1727 uu.
670 1699 750 1736 544
782 1688 815 1725 L
859 1698 907 1735 14
938 1687 981 1725 M
1025 1687 1107 1724 610
1140 1687 1174 1725 L
1217 1698 1267 1736 23
1298 1687 1342 1725 M
1386 1687 1466 1737 582
1502 1687 1536 1726 L
1581 1698 1635 1725 20
1663 1687 1708 1726 M

350 1754 383 1792 L
421 1766 436 1791 1
501 1755 544 1792 M

237 1764 315 1802 545
346 1822 417 1859 tibi
444 1766 565 1872 gorro
595 1822 722 1860 istaec
751 1834 814 1860 res
841 1822 990 1860 idcirco
1021 1827 1085 1859 est
1116 1821 1228 1859 cordi
1259 1822 1373 1871 quod
1402 1833 1489 1860 rere
1510 1820 1706 1873 utilem3),

351 1890 546 1938 quodque
575 1895 617 1926 te
632 1890 673 1926 in
689 1890 945 1938 tranquillum
960 1901 1011 1925 ex
1027 1890 1161 1926 saeuis
1175 1889 1365 1926 transfert
1380 1890 1708 1938 tempestatibus.

346 1954 484 2004 Quare
515 1956 594 1995 hoc
635 1957 768 1995 colere
805 1962 868 1995 est
904 1957 1031 1995 satius
1065 1967 1187 2007 quam
1228 1956 1304 1995 illa.
1366 1955 1553 1994 Studium
1584 1968 1706 1994 omne

1252 2024 1316 2061 hic
1349 2036 1593 2062 consumere

349 2090 521 2129 Summis
551 2092 679 2130 nitere
701 2092 860 2142 opibus,
892 2098 935 2130 at
963 2103 1041 2142 ego
1063 2096 1205 2129 contra
1232 2097 1275 2129 ut
1297 2092 1500 2130 dissimilis
1522 2092 1622 2130 siem
1638 2123 1646 2131 .
1668 2123 1677 2132 .
1695 2122 1704 2131 .

230 2160 372 2197 studiis
404 2165 525 2209 atque
554 2161 692 2198 indole
724 2161 808 2205 tibi,
837 2166 980 2197 natura
1010 2160 1115 2197 fecit.
1176 2159 1328 2208 Tangit
1375 2172 1448 2198 eos
1478 2166 1606 2209 poeta
1636 2161 1706 2210 qui

229 2226 510 2276 philosophica
525 2227 758 2265 scribebant
786 2227 853 2265 illo
875 2233 1074 2277 tempore,
1105 2227 1265 2277 Epicuri
1295 2227 1382 2265 sine
1415 2227 1542 2265 dubio
1574 2233 1706 2265 secta-

366 2416 393 2460 ¹)
422 2418 516 2449 Rem
550 2422 660 2450 actam
697 2428 774 2459 ago.
824 2418 898 2449 Iam
932 2417 1119 2460 Corpetum
1157 2422 1251 2449 recte
1283 2418 1423 2450 Horatii
1459 2418 1539 2450 loco
1576 2418 1705 2450 collato

228 2475 311 2509 illos
336 2486 460 2509 uersus
488 2477 707 2509 coniunxisse
746 2476 844 2520 (edit.
869 2487 902 2519 p.
934 2477 1015 2520 147)
1051 2487 1129 2509 sero
1155 2477 1245 2508 uidi:
1284 2481 1400 2509 tamen
1432 2477 1514 2520 quia
1546 2482 1580 2509 et
1611 2482 1704 2509 recte

227 2536 411 2568 inuentum
443 2541 497 2568 est
535 2541 570 2569 et
601 2537 645 2569 ab
677 2536 837 2568 omnibus
869 2536 1068 2577 neglectum
1104 2541 1186 2579 post
1218 2536 1407 2579 Corpetum
1448 2541 1483 2569 et
1512 2537 1704 2569 seeundum

228 2596 385 2638 proferre
410 2596 500 2629 illud
526 2596 633 2630 iuuat.

367 2655 395 2700 ²)
422 2657 509 2690 Hor.
534 2656 597 2690 1.1.
614 2668 648 2689 u.
666 2664 708 2689 12
734 2656 941 2699 ‘Cupidum‚
966 2660 1065 2699 pater
1090 2656 1233 2700 optime,
1259 2656 1352 2689 uires
1370 2656 1563 2695 Deficiunt;
1589 2667 1704 2699 neque

231 2714 321 2747 enim
348 2715 462 2758 quiuis
488 2715 664 2747 horrentia
689 2714 768 2757 pilis
793 2714 947 2755 Agmina
972 2740 979 2747 .
1008 2741 1015 2748 .
1043 2740 1051 2747 .
1079 2715 1272 2747 describet'
1297 2725 1327 2748 e.
1354 2725 1387 2757 q.
1414 2725 1442 2747 s.

363 2775 391 2818 ³)
419 2774 514 2808 Corr.
541 2775 571 2807 L
601 2773 719 2818 (codd.
746 2776 780 2806 si
804 2775 871 2806 tibi
894 2799 902 2807 .
931 2800 938 2807 .
966 2799 974 2807 .
1001 2785 1042 2806 re
1067 2773 1207 2818 utilem)
1232 2775 1356 2818 partim
1369 2774 1525 2807 Iunicem
1551 2779 1703 2809 secutus.

233 2851 271 2855 —
303 2833 446 2872 Utz'lem,
473 2834 553 2876 quia
577 2834 760 2876 Epicureis
786 2833 1013 2877 philosophia
1040 2836 1141 2865 uitae
1166 2836 1263 2866 ratio
1289 2839 1353 2867 est.
