1894 3403
904 199 951 239 61

190 325 404 371 euincitur,
442 325 660 363 concilium
688 323 876 362 habitum
921 335 1014 361 esse
1055 322 1264 373 aliquanto
1311 327 1407 371 post
1438 320 1666 359 Carneadis

188 398 375 438 mortem,
406 404 529 442 quem
557 392 790 431 decessisse
825 392 924 430 dicit
953 392 1231 442 Apollodorus
1261 392 1303 429 in
1323 390 1521 429 chronicis
1552 391 1666 440 apud

189 460 324 499 Laert.
353 460 412 497 lV
441 460 492 509 65
527 462 582 499 01.
620 460 710 502 162,
741 470 768 507 4
801 472 910 497 anno
942 460 1125 509 6251129
1157 466 1226 497 aut
1261 459 1462 508 626l128.
1496 458 1541 498 P.
1563 457 1664 496 Cor-

188 528 318 566 nelius
349 528 542 566 Lentulus
572 528 760 578 princeps
792 532 958 565 senatus
991 527 1119 566 lectus
1151 533 1215 565 est
1246 527 1334 565 sine
1365 526 1490 565 dubio
1522 538 1547 564 a
1566 537 1662 564 cen-

189 595 347 633 soribus
379 595 453 636 Cn.
472 596 639 634 Seruilio
670 595 717 634 L.
741 593 899 640 Cassio,
931 596 998 645 qui
1019 607 1128 633 311110
1150 592 1335 645 6301124
1366 595 1536 632 lustrum
1566 606 1662 631 con-

189 663 381 701 diderunt
395 658 441 715 ¹).
503 663 702 701 Solebant
750 667 889 700 autem
929 674 1122 701 censores
1163 663 1330 701 lustrum
1365 663 1548 701 condere
1578 674 1663 699 non

189 731 322 768 minus
365 731 586 768 duodecim
629 729 841 767 mensibus
871 735 1090 779 postquam
1138 742 1330 768 censores
1376 730 1503 768 creati
1545 734 1663 767 erant

189 794 444 848 (Mommsen
471 798 618 836 Roem.
652 794 844 835 Staatsr.2
875 796 895 834 Ι
924 809 963 846 p.
995 793 1095 849 342)
1126 803 1249 848 atque
1272 809 1364 836 cum
1389 797 1514 835 creati
1543 802 1662 835 erant

189 866 363 915 primum
394 866 740 915 aggrediebantur
773 866 829 902 ad
859 871 1046 903 senatum
1075 866 1298 915 legendum
1326 863 1577 915 (Mommsen
1596 866 1619 905 l.
1638 865 1662 905 l.

191 946 230 983 p.
262 944 341 982 415
374 933 666 971 Weissenborn
705 933 760 970 ad
793 932 880 972 Liu.
911 932 1049 971 XXIX
1080 944 1146 983 37,
1169 930 1226 985 6).
1286 934 1448 972 Eodem
1479 932 1547 971 die
1579 945 1663 982 quo

192 1002 316 1039 creati
329 1007 446 1039 erant
461 1002 502 1038 in
520 1001 690 1038 comitiis
710 1001 947 1038 centuriatis
963 1002 1243 1050 magistratum
1259 1002 1431 1040 inibant:
1449 1002 1564 1050 quod
1579 1000 1664 1038 fieri

191 1068 356 1106 solitum
386 1080 479 1106 esse
508 1080 650 1106 mense
682 1068 806 1118 Aprili
836 1068 892 1105 ita
922 1074 967 1106 ut
996 1081 1138 1106 mense
1172 1069 1282 1107 Maio
1319 1069 1415 1106 311111
1453 1068 1662 1118 sequentis

191 1137 361 1175 lustrum
400 1138 648 1175 conderetur
691 1138 950 1174 demonstrat
978 1136 1210 1175 Mommsen
1252 1137 1275 1177 l.
1308 1137 1332 1175 l.
1366 1149 1405 1187 p.
1437 1146 1533 1187 339.
1566 1147 1661 1186 342.

190 1204 334 1255 Itaque
364 1216 460 1241 uere
489 1203 676 1254 6291125
717 1204 763 1243 Ρ.
796 1203 1006 1242 Cornelius
1044 1205 1238 1242 Lentulus
1274 1205 1464 1254 princeps
1495 1210 1662 1242 senatus

192 1272 319 1309 lectus
350 1278 426 1317 est,
456 1272 561 1309 intra
591 1283 743 1309 annum
764 1271 949 1319 6261128
981 1278 1022 1309 et
1053 1284 1124 1309 uer
1152 1270 1452 1320 3111116201125
1487 1271 1536 1311 L.
1559 1270 1662 1309 Cor-

191 1339 319 1377 nelius
359 1339 555 1378 Lentulus
598 1339 714 1379 obiit:
762 1351 813 1376 eo
860 1345 1044 1389 tempore
1086 1339 1165 1377 hoc
1210 1345 1274 1377 est
1317 1351 1427 1376 311110
1473 1338 1658 1389 6271127

193 1415 263 1446 aut
294 1406 478 1456 6281126
509 1409 680 1445 deorum
709 1408 921 1446 concilium
951 1407 1073 1446 fuisse
1093 1409 1323 1458 putandum
1343 1406 1461 1456 est2).
1521 1408 1660 1458 Lupus

193 1487 302 1513 anno
347 1474 532 1523 628s126
579 1476 768 1526 decessit,
807 1475 942 1525 paullo
987 1481 1083 1524 post
1122 1476 1208 1513 eius
1251 1482 1425 1513 mortem
1466 1476 1610 1513 librum
1641 1475 1660 1512 Ι

191 1543 364 1582 Lucilius
395 1544 623 1594 composuit
653 1544 804 1582 eodem
834 1556 956 1589 311110,
987 1556 1067 1594 qua
1097 1545 1151 1582 de
1182 1557 1225 1582 re
1252 1543 1367 1584 infra.

323 1612 411 1648 Iam
440 1612 551 1661 apud
581 1611 762 1649 Seruium
792 1612 815 1650 l.
848 1612 872 1650 l.
905 1612 1096 1649 traditum
1126 1618 1190 1649 est
1213 1613 1252 1649 in
1283 1612 1492 1650 codicibus
1532 1612 1658 1649 Guel-

193 1679 397 1717 ferbitano
430 1680 474 1716 de
503 1680 663 1717 interitu
696 1678 808 1727 Lupi
833 1680 1032 1717 cuiusdam
1063 1680 1201 1717 z'udz‘czls·
1229 1681 1294 1717 rei
1320 1679 1503 1718 Parisino
1532 1680 1661 1717 cuius-

129 1750 133 1753 *
194 1748 280 1784 dam
313 1748 431 1786 ducis.
489 1746 713 1796 Reginensi
740 1747 938 1783 cuiusdam
967 1748 1008 1783 in
1038 1746 1163 1785 rebus.
1222 1747 1415 1785 Editores
1450 1747 1660 1785 nouissimi

193 1815 320 1852 secuti
349 1820 443 1852 sunt
472 1814 656 1860 Lionem,
703 1815 771 1864 qui
801 1814 936 1852 scribit
972 1814 1077 1851 ducis-
1106 1815 1147 1851 z'n
1177 1813 1403 1863 republica:
1450 1815 1564 1865 quod
1593 1827 1659 1852 me

192 1882 323 1919 iudice
355 1887 513 1919 rectum
542 1894 625 1919 non
657 1888 731 1920 est.
792 1880 1003 1919 Cornelius
1035 1882 1174 1930 Lupus
1220 1888 1304 1919 tum
1336 1894 1457 1932 supra
1496 1888 1662 1931 septua-

191 1950 306 1998 ginta
336 1961 467 1986 annos
497 1955 618 1987 natus
643 1955 731 1986 erat
760 1960 893 1998 neque
915 1949 999 1985 dux
1020 1949 1219 1986 exercitus
1251 1961 1344 1987 esse
1364 1949 1510 1999 potuit.
1541 1949 1658 1987 Neue

191 2028 338 2054 uocem
369 2017 477 2053 ducis
505 2016 817 2066 interpretemur
845 2022 1041 2066 tanquam
1069 2017 1233 2053 hominis
1254 2018 1420 2065 potentis
1457 2017 1524 2054 uel
1542 2018 1663 2066 prin-

193 2085 301 2135 czpis,
341 2084 600 2134 prohibemur
639 2097 691 2122 eo
737 2084 847 2134 quod
885 2089 969 2122 tam
1012 2084 1245 2134 simpliciter
1290 2096 1339 2122 ac
1384 2084 1495 2122 nude
1525 2084 1662 2134 posita

193 2152 260 2189 uix
288 2151 467 2201 intellegi
495 2157 635 2201 potest
663 2151 741 2189 nisi
771 2152 825 2189 de
855 2151 1100 2201 imperatore
1130 2151 1268 2201 populi
1298 2151 1494 2189 Romani:
1525 2163 1661 2202 neque

194 2221 301 2258 enim
331 2221 442 2269 apud
471 2220 675 2257 rhetorem
715 2220 779 2257 illa
815 2220 942 2257 uerba
971 2219 1158 2268 leguntur
1201 2220 1277 2257 sed
1314 2220 1427 2269 apud
1458 2231 1662 2269 gramma-

195 2288 317 2326 ticum
346 2287 427 2325 suis
468 2299 517 2325 ac
546 2286 714 2337 propriis
760 2287 893 2324 uerbis
932 2287 1087 2337 singula
1132 2286 1429 2337 significantem
1442 2284 1486 2338 ³).
1546 2287 1661 2325 Bene

331 2376 357 2418 ¹)
385 2376 484 2407 Conf.
511 2376 635 2417 Zumpt
659 2375 751 2406 Mus.
771 2375 889 2406 Rhen.
907 2375 1042 2406 XXVI
1066 2385 1099 2416 p.
1119 2383 1138 2416 7
1164 2375 1241 2406 Liu.
1267 2385 1342 2416 per.
1369 2376 1426 2408 60.
1462 2376 1661 2407 Mommsen

195 2436 322 2469 Roem.
349 2433 511 2469 Staatsr.2
536 2435 554 2467 I
579 2445 612 2477 p.
641 2442 720 2477 341,
751 2442 764 2466 1
795 2434 840 2466 de
866 2435 958 2466 Boor
984 2434 1062 2466 fast.
1089 2443 1182 2466 cens.
1210 2433 1341 2478 (Berol.
1371 2434 1475 2477 1873)
1496 2445 1529 2478 p.
1549 2443 1605 2470 21.

328 2494 354 2536 2)
381 2495 477 2527 Obiit
503 2499 617 2526 autem
633 2504 742 2525 annos
761 2499 863 2525 natus
890 2493 964 2525 fere
982 2494 1204 2536 septuaginta
1227 2499 1298 2525 tres
1325 2495 1520 2527 secundum
1545 2495 1661 2536 legem

192 2554 351 2587 Villiam.
390 2555 528 2597 Lupum
561 2563 685 2597 reapse
719 2552 916 2585 decessisse
946 2552 1043 2596 prius
1075 2562 1177 2595 quam
1203 2552 1360 2585 Lucilius
1394 2553 1482 2585 deos
1514 2553 1559 2586 de
1585 2553 1661 2586 eius

191 2614 333 2646 interitu
358 2614 496 2646 finxerit
518 2613 760 2645 contionantes
786 2623 889 2645 nemo
916 2613 1103 2645 dubitabit.

329 2672 355 2715 ⁸)
382 2673 451 2706 Cic.
479 2673 524 2706 de
546 2684 594 2706 or.
620 2673 676 2705 ΙΠ
701 2673 760 2714 63:
793 2671 812 2705 ‘.
836 2698 843 2705 .
866 2698 873 2705 .
892 2672 1015 2716 procul
1042 2672 1142 2705 abest
1166 2677 1282 2705 tamen
1307 2673 1352 2706 ab
1378 2682 1421 2706 eo
1445 2673 1533 2714 uiro,
1559 2683 1662 2716 quem

193 2732 392 2774 quaerimus
420 2735 454 2763 et
479 2741 584 2773 quem
609 2735 784 2762 auctorem
801 2731 937 2773 publici
953 2731 1089 2762 consilii
1105 2736 1139 2762 et
1156 2732 1333 2771 regendae
1360 2732 1511 2764 ciuitatis
1538 2732 1662 2765 ducem

195 2794 229 2823 et
246 2790 442 2824 sententiae
466 2793 571 2833 atque
598 2788 817 2833 eloquentiae
843 2788 1035 2833 principem
1058 2789 1094 2822 in
1112 2794 1245 2829 senatu,
1273 2790 1310 2822 in
1326 2790 1473 2835 populo,
1490 2790 1527 2822 in
1545 2791 1662 2823 causis

192 2850 345 2892 publicis
372 2860 450 2882 esse
474 2849 665 2881 uolumus'.
713 2849 809 2881 Vide
835 2860 940 2892 quam
966 2849 1105 2882 diuersa
1129 2850 1217 2882 haec
1246 2850 1314 2882 sint
1340 2861 1359 2882 a
1385 2850 1465 2883 loco
1490 2850 1614 2884 Seruii.
