1894 3403
942 292 995 332 34

341 406 392 449 τὸ
422 407 505 459 γὰρ
534 408 791 459 παρασιτεῖν
823 404 947 458 εὗρεν
977 405 1002 447 ὁ
1024 405 1137 457 Ζεὺς
1167 405 1192 447 ὁ
1222 404 1367 457 φίλιος
1398 439 1406 446 .
1440 439 1447 447 .
1480 440 1488 447 .

341 473 472 526 οὗτος
500 474 583 527 γὰρ
614 473 676 526 εἰς
707 474 787 527 τὰς
819 472 957 526 οἰκίας
989 472 1230 526 εἰσέρχεται

343 543 439 595 οὐχὶ
469 542 688 594 διακρίνας
717 543 796 594 τὴν
825 541 1031 594 πενιχρὰν
1061 541 1086 593 ἢ
1117 540 1330 584 πλουσίαν
1361 575 1368 583 .
1402 575 1409 583 .
1442 576 1450 583 .

342 611 460 661 κάγὼ
489 612 599 653 ποιῶ
629 612 707 653 νῦν
736 609 870 652 τοῦτ’·
902 609 1011 652 ἐπὰν
1040 609 1187 661 κλίνας
1216 608 1296 651 ἴδω

343 678 620 730 ἐστρωμένας
650 678 720 719 καὶ
750 678 830 729 τὰς
861 676 1076 729 τραπέζας
1107 677 1327 728 εὐτρεπεῖς

341 746 411 788 καὶ
440 746 519 798 τὴν
550 745 713 799 θύραν
744 744 1103 801 ἀνεῳγμένην,
1136 742 1447 796 εἰσέρχομαι

341 814 527 857 ἐνθάδε
559 818 737 870 σιωπῇ
769 814 856 856 καὶ
885 813 1118 865 ποιήσας
1150 812 1378 864 εὐσταλῆ

342 882 586 935 ἐμαυτόν,
617 882 754 924 ὥστε
787 881 861 934 μὴ’
893 883 1111 933 νοχλεῑν
1140 881 1233 922 τὸν
1263 880 1547 932 συμπότην.

236 964 380 1001 Plures
411 965 586 1002 fortasse
617 970 853 1014 corruptum
884 970 960 1008 est,
1009 964 1182 1001 fortasse
1218 963 1362 1000 melius
1393 963 1712 1013 intellegeretur,

229 1033 262 1068 si
294 1044 439 1069 uersus
478 1033 777 1070 antecedentes
816 1032 967 1069 seruati
1006 1036 1163 1068 essent:
1212 1035 1470 1079 comparatur
1507 1031 1708 1080 parasitus

232 1111 325 1137 cum
357 1100 505 1144 amico,
536 1110 659 1148 quem
690 1099 854 1136 incessu
887 1104 1000 1136 certo
1033 1104 1073 1135 et
1103 1104 1243 1136 erecto
1265 1098 1383 1135 amici
1399 1102 1559 1134 tantum
1588 1098 1710 1135 limen

235 1168 385 1205 intrare
417 1167 594 1205 fortasse
625 1166 745 1204 dixit:
777 1166 907 1204 atille
938 1166 1074 1204 furtim
1095 1166 1247 1215 irrepit,
1279 1165 1463 1203 nimirum
1494 1164 1549 1213 (u.
1572 1164 1654 1214 629
1679 1165 1710 1202 L

232 1244 284 1271 20
315 1234 376 1283 M)

343 1313 440 1351 facit
474 1315 586 1352 idem
633 1314 746 1363 quod
789 1313 844 1350 illi
889 1314 958 1362 qui
1002 1313 1239 1362 inscriptum
1271 1324 1293 1349 e
1334 1318 1452 1362 portu
1493 1319 1712 1363 exportant

1371 1380 1599 1417 clanculum

341 1461 393 1485 ne
423 1449 650 1498 portorium
682 1449 784 1486 dent

231 1525 365 1564 Uersu
394 1526 528 1576 priore
565 1526 637 1563 illi
667 1532 798 1563 metro
837 1537 1069 1575 repugnans
1107 1526 1270 1563 difficile
1302 1532 1486 1564 correctu
1517 1539 1616 1564 sane
1647 1533 1710 1564 est

233 1593 424 1640 (Mueller
453 1595 493 1633 d.
526 1606 555 1630 r.
588 1606 640 1632 m.
673 1606 710 1643 p.
741 1593 855 1642 428),
887 1606 982 1631 nam
1014 1594 1085 1630 ille
1114 1606 1342 1644 pronomen
1371 1595 1623 1644 aptissimum
1653 1595 1710 1631 iu-

231 1660 344 1697 dico:
381 1660 428 1697 ln·
452 1673 476 1697 a
521 1661 616 1697 uiris
652 1661 787 1698 doctis
824 1661 1038 1709 proposito
1075 1667 1256 1710 praestat
1306 1663 1345 1697 ez'
1386 1662 1646 1706 uocabulum,
1678 1663 1710 1698 si

236 1739 401 1765 sensum
434 1728 636 1765 enuntiati
668 1734 846 1777 spectas.

365 1844 506 1889 ’Ἀπαξ
538 1844 764 1897 εἰρημένον
795 1853 930 1886 exstat
961 1849 1002 1885 in
1032 1848 1096 1887 lib.
1128 1847 1284 1885 XXVII
1314 1860 1352 1887 u.
1386 1847 1467 1896 634
1501 1848 1533 1886 L
1568 1859 1616 1897 27
1649 1849 1712 1888 M:

342 1917 490 1966 uiginti
523 1917 635 1953 domi
666 1928 718 1953 an
754 1917 919 1966 triginta
950 1929 1001 1954 an
1034 1922 1200 1954 centum
1231 1915 1419 1953 cz‘bz'cz'das
1448 1917 1546 1961 alas,

233 1996 348 2046 quod
378 1995 494 2032 unde
535 1995 763 2032 deductum
794 1995 858 2040 sit,
902 1995 1053 2032 nemini
1084 1995 1253 2032 dubium
1296 2006 1388 2032 esse
1418 2001 1572 2044 potest,
1607 1996 1714 2044 ‚quid

234 2062 449 2111 significet,
482 2062 549 2099 alii
584 2062 703 2099 aliter
734 2062 967 2100 iudicauere
1005 2060 1176 2109 (Loewe
1207 2062 1342 2111 prodr.
1373 2061 1496 2111 gloss
1526 2074 1565 2111 p.
1598 2061 1712 2111 307).

233 2130 366 2167 Recte
397 2135 535 2166 autem
566 2141 639 2166 eos
671 2129 879 2166 iudicasse
910 2130 979 2178 qui
1006 2130 1208 2178 parasitos
1237 2130 1317 2166 isto
1342 2130 1544 2167 uocabulo
1574 2130 1714 2167 uocari

232 2202 495 2247 sumpserunt
511 2193 542 2246 ¹)
576 2197 673 2235 inde
695 2196 880 2242 efficitur,
912 2197 1025 2247 quod
1057 2197 1236 2234 Lucilius
1266 2196 1310 2233 id
1331 2203 1472 2247 aperte
1503 2210 1527 2234 e
1548 2195 1710 2234 Graeco

230 2261 565 2313 σιτόκουρος
595 2265 759 2302 uidetur
784 2265 970 2307 uertisse,
1002 2265 1056 2301 de
1088 2276 1169 2314 quo
1200 2265 1350 2304 Athen.
1383 2265 1440 2301 VI
1470 2277 1509 2314 p.
1542 2275 1619 2313 247
1658 2265 1712 2303 E:

229 2329 300 2385 Τῷ
329 2330 376 2371 δὲ
422 2328 667 2381 παράσιτος
713 2328 841 2381 ὅμοιά
887 2329 1006 2371 ἐστιν
1050 2328 1243 2381 ὀνόματα
1289 2329 1484 2381 ἐπίσιτος
1519 2364 1526 2371 .
1559 2364 1566 2371 .
1600 2364 1607 2371 .
1646 2330 1714 2371 καὶ

230 2396 462 2449 οἰκόσιτος,
494 2397 825 2449 σιτόκουρός
855 2410 901 2439 τε
933 2397 1002 2439 καὶ
1033 2396 1265 2449 αὐτόσιτος
1287 2399 1373 2439 κτλ.
1432 2399 1614 2437 Utuntur
1634 2400 1712 2437 hae

233 2478 338 2503 uoce
360 2467 506 2503 comici
543 2467 583 2502 in
616 2466 714 2503 locis
749 2466 839 2503 huic
872 2467 1084 2503 Luciliano
1117 2467 1339 2512 simillimis,
1370 2468 1482 2504 uelut
1512 2467 1709 2505 Menand.

232 2547 273 2583 4,
313 2534 389 2583 196
420 2534 546 2573 Mein.
591 2520 594 2523 Γ

369 2741 396 2785 ¹)
424 2742 465 2774 E.
493 2741 642 2774 Fischer
668 2742 702 2775 d.
729 2742 877 2774 uocibus
903 2743 1096 2775 Lucilianis
1122 2743 1228 2775 Halis
1257 2743 1343 2776 1881
1373 2754 1407 2787 p.
1424 2752 1470 2785 34
1496 2754 1618 2776 seruos
1646 2744 1713 2786 sig-

229 2801 362 2833 nificari
387 2807 487 2844 putat
512 2806 655 2834 secutus
682 2794 882 2840 Loevrium3
922 2803 1080 2835 Mueller
1117 2809 1219 2837 tacet.
1270 2804 1404 2836 Uerum
1436 2804 1632 2847 suspicatus
1660 2809 1713 2836 est

230 2871 320 2893 unus
348 2860 521 2904 Corpetus
549 2861 649 2904 (edit.
677 2873 711 2905 p.
744 2862 825 2905 164)
867 2862 911 2894 ab
942 2863 1106 2895 omnibus
1132 2863 1328 2904 neglectus.
1378 2864 1492 2896 Etiam
1517 2864 1711 2903 Duentzer,

232 2919 289 2951 die
315 2930 422 2954 roem.
446 2920 617 2953 Satiriker
646 2932 678 2963 p.
705 2929 748 2962 43
778 2931 902 2953 seruos
930 2922 1041 2954 dictos
1068 2932 1147 2954 esse
1173 2922 1342 2954 cibicidas
1368 2927 1477 2965 putat.
