1894 3403
878 219 988 258 -35

761 331 1019 384 σιτόκουρον
1050 329 1201 373 ἄθλιον

343 400 568 454 ἄχρηστον
598 400 661 454 εἰς
686 401 766 453 τὴν
796 399 968 443 οἰκίαν
999 398 1249 451 εἰλήφαμεν.

228 472 347 510 Idem
366 483 416 520 4,
453 484 550 522 139:

341 537 401 589 ὡς
431 537 627 591 ὀκνηρός,
657 537 801 580 πάντα
833 537 1011 589 μέλλων,
1042 535 1302 587 σιτόκουρος
1333 534 1559 587 ὁμολογῶν

339 606 772 658 παρατρέφεσθαι

227 675 363 713 Alexis
396 686 434 724 3,
462 675 541 725 467
574 673 664 716 ἔσει
693 674 940 726 περιπατῶν
971 670 1241 722 σιτόκουρος.
1274 671 1455 709 Pertinet
1486 671 1550 708 hic
1578 684 1616 710 u.
1648 671 1703 709 ad

227 744 497 793 parasitorum
542 750 584 783 et
623 745 849 783 amicorum
879 741 1243 793 comparationem,
1290 753 1410 791 quam
1456 740 1553 779 facit
1597 739 1697 777 libro

227 810 386 848 XXVII
402 818 544 861 poeta:
577 813 632 850 de
653 812 832 850 amicitia
852 811 1035 849 omnium
1050 810 1264 847 hominum
1285 809 1491 847 communi
1506 821 1543 847 u.
1567 808 1646 857 647
1666 808 1698 845 L

229 890 282 929 30
312 879 375 918 M:

340 952 450 985 certa
481 953 586 995 sunt,
619 947 706 984 sine
737 946 986 983 detrimento
1018 956 1125 994 quae
1159 945 1265 981 inter
1294 956 1385 981 sese
1415 944 1680 982 commodent

228 1014 286 1051 sic
330 1015 532 1063 disposito
577 1015 718 1062 agitur.
778 1013 895 1051 Conf.
941 1012 1024 1050 Cic.
1070 1013 1122 1048 de
1164 1011 1229 1050 off.
1259 1011 1277 1047 I
1311 1021 1383 1058 51:
1434 1007 1547 1048 ‘Una
1578 1023 1628 1047 ex
1657 1022 1700 1047 re

227 1082 326 1120 satis
357 1082 615 1132 praecipitur,
646 1088 703 1126 ut,
736 1080 935 1130 quidquid
957 1081 1045 1117 sine
1066 1076 1312 1116 detrimento
1334 1079 1585 1116 commodari
1606 1089 1698 1127 pos-

228 1150 291 1196 sit,
319 1150 361 1186 id
392 1150 591 1188 tribuatur
620 1150 685 1187 uel
716 1146 892 1199 ignoto³.
946 1147 1055 1185 Dicit
1086 1147 1276 1195 Lucilius,
1307 1158 1399 1183 esse
1430 1152 1541 1184 certa
1573 1158 1699 1195 quae-

227 1217 335 1261 dam,
369 1222 452 1254 tam
480 1218 647 1269 minuta,
689 1229 795 1266 quae
833 1216 919 1253 sine
951 1215 1199 1252 detrimento
1242 1214 1427 1251 homines
1464 1214 1570 1250 inter
1606 1225 1699 1250 sese

227 1285 505 1336 commodent,
538 1285 673 1334 qualia
702 1285 855 1322 Ennius
885 1289 926 1320 et
958 1281 1100 1320 Cicero
1132 1282 1155 1321 l.
1175 1282 1199 1321 l.
1229 1287 1469 1318 enumerant
1495 1281 1695 1330 praebere

226 1352 374 1400 ignem,
406 1358 635 1390 monstrare
668 1353 792 1394 uiam,
833 1363 916 1388 non
945 1349 1162 1399 prohibere
1193 1361 1313 1398 aqua,
1351 1350 1450 1386 dare
1482 1349 1697 1386 consilium

226 1419 345 1456 fidele
376 1420 465 1458 alia.
524 1420 649 1457 Aliter
680 1419 876 1456 Muellero
909 1418 1082 1456 uidetur.

360 1620 482 1657 Libro
511 1619 670 1656 XXVII
699 1632 737 1658 u.
769 1629 823 1666 40
851 1618 894 1656 M
933 1628 1014 1666 540
1043 1618 1076 1655 L
1124 1619 1362 1656 emendatio
1408 1620 1592 1656 nondum
1638 1620 1697 1655 in-

226 1694 352 1726 uenta
384 1694 447 1725 est
476 1700 568 1725 mea
599 1687 819 1735 sententia;
853 1687 1019 1724 codices
1049 1686 1249 1735 praebent
1276 1687 1418 1725 talem:

338 1757 483 1793 ardum
512 1756 777 1793 miserrimum
807 1760 931 1804 atque
961 1755 1099 1792 infelix
1129 1756 1287 1803 signum
1319 1756 1515 1793 sabucum
1544 1762 1669 1793 uocat

226 1823 430 1860 editiones
457 1835 507 1859 ex
530 1828 645 1872 parte
677 1827 904 1859 correctum
933 1822 990 1859 ita
1024 1822 1126 1860 fere:

339 1891 481 1928 ardum
510 1890 763 1927 miserrimum
794 1895 916 1939 atque
953 1889 1092 1926 infelix
1120 1890 1271 1938 lignum
1303 1890 1500 1928 sabucum
1530 1896 1696 1930 uocant.

225 1957 401 1996 Plurima
430 1963 542 1996 recte
572 1957 630 1995 sic
668 1957 891 1995 constituta
932 1969 1025 1995 cum
1054 1958 1284 2003 uideantur,
1321 1969 1403 1995 una
1438 1970 1520 1996 uox
1562 1960 1696 1996 miser-

224 2026 367 2063 rimum
397 2032 527 2063 metro
559 2025 782 2075 refragatur
813 2027 853 2063 in
883 2025 1130 2075 superlatiuo
1160 2026 1308 2075 posita,
1340 2038 1434 2063 cum
1462 2038 1537 2075 per
1567 2038 1613 2063 se
1644 2027 1696 2063 sit

226 2093 447 2142 aptissima.
521 2093 574 2130 Et
622 2093 807 2130 Muelleri
849 2099 892 2130 et
930 2093 1156 2130 Franckeni
1202 2094 1458 2131 coniecturas
1496 2094 1695 2142 reprobo:

224 2161 314 2210 ipse
345 2160 454 2198 hunc
484 2174 522 2200 u.
552 2160 632 2198 alio
662 2162 791 2199 modo
825 2161 959 2210 legere
989 2161 1096 2199 malo
1128 2172 1250 2210 quam
1274 2169 1453 2200 mutare:
1485 2167 1695 2211 postremo

225 2228 281 2265 ad
310 2228 688 2277 interpretationem
729 2227 885 2277 aliquid
930 2227 1071 2265 afferre
1109 2240 1175 2265 me
1216 2240 1339 2278 posse
1379 2229 1564 2268 arbitror.
1625 2230 1696 2266 Et-

224 2293 333 2332 enim
363 2294 396 2332 si
432 2294 563 2333 Plauti
593 2301 731 2333 aetate
772 2308 809 2334 u.
842 2295 1014 2345 scriptus
1046 2301 1168 2341 esset,
1207 2295 1304 2333 nihil
1343 2296 1553 2334 dubitares
1583 2302 1696 2334 recte

224 2362 282 2399 sic
309 2373 402 2400 esse
433 2362 627 2400 traditum
658 2363 931 2402 contendere:

337 2429 481 2467 ardum
509 2429 777 2467 miserrimum
798 2430 923 2479 atque
953 2430 1092 2467 infelix
1113 2428 1267 2479 lignum
1289 2430 1489 2468 sabucum
1508 2437 1675 2469 uocant.

223 2497 325 2534 dixit
356 2497 464 2535 enim
495 2497 658 2535 Plautus
688 2498 927 2535 simillumae
962 2498 1153 2536 sdte‘llz'les
1183 2499 1394 2536 uicissalz'm
1430 2498 1693 2548 Phialpeurtz

223 2564 366 2601 similia
406 2563 517 2612 (Brix
563 2565 673 2603 Trin.
711 2578 751 2615 p.
788 2564 867 2614 17).
926 2565 980 2601 At
1018 2565 1174 2602 Lucilio
1222 2567 1396 2603 concedi
1441 2568 1552 2604 idem
1597 2579 1697 2605 sane

223 2644 305 2669 non
335 2639 485 2682 potest,
532 2634 608 2671 nisi
650 2633 789 2671 ludere
828 2638 899 2670 aut
936 2633 977 2670 in
1008 2634 1206 2683 tragicum
1237 2634 1371 2671 Ennio
1404 2636 1695 2673 uestustiorem

224 2706 294 2738 aut
324 2702 364 2738 in
396 2697 548 2751 ‘legem
580 2702 787 2752 quandam
818 2701 1011 2738 horrendi
1044 2699 1254 2739 carminis'
1285 2701 1395 2750 (Liu.
1426 2703 1444 2740 Ι
1468 2703 1532 2750 26,
1554 2703 1578 2741 6
1611 2703 1695 2744 Cic.

223 2781 296 2818 pro
327 2770 466 2809 Rabir.
494 2771 612 2819 perd.
649 2780 693 2818 13
733 2766 889 2819 ‘Caput
920 2770 1132 2815 obnubito,
1168 2771 1301 2809 arbori
1338 2771 1487 2809 infelici
1522 2783 1697 2822 suspen·

225 2833 351 2886 dito')
381 2849 599 2877 sumamus.
634 2836 759 2884 Quod
782 2849 872 2874 cum
896 2838 993 2875 satis
1015 2838 1229 2876 uerisimile
1260 2839 1326 2884 sit,
1357 2840 1411 2876 nil
1440 2841 1694 2880 correxerim.
