1894 3403
803 226 851 264 ¹9

99 339 251 381 Athen.
282 339 341 378 III
365 352 405 391 p.
428 348 521 379 '110
550 340 599 387 E,
630 339 692 378 cui
722 339 968 378 contrarium
999 343 1063 376 est
1092 334 1296 388 καθαρός,
1325 334 1568 388 σητάνειος,

88 408 246 459 (Herm.
279 408 350 448 Gr.
380 409 577 460 Antiquit.
606 408 663 446 111
686 419 751 456 24,
782 404 864 459 16),
895 406 1014 457 panis
1035 407 1225 451 munduS,
1258 406 1463 456 siligineus
1500 407 1570 456 qui

86 483 267 518 uocatur.
324 477 467 528 Agitur
498 489 591 515 mea
622 476 788 528 quidem
817 474 1025 514 sententia
1054 474 1093 512 in
1124 474 1199 512 illis
1221 486 1286 513 uu.
1317 474 1372 512 de
1392 486 1566 524 pauper-

87 551 174 585 tate
203 546 368 596 qualem
386 545 618 596 philosophi
640 545 875 583 describunt
896 554 1210 593 saepenumem,
1241 554 1364 592 parco
1386 555 1434 579 ac
1456 542 1568 579 tenui

86 614 194 651 uictu
221 614 278 651 uti
307 620 484 663 cogente
505 615 739 663 eodemque
767 612 986 650 referenda
1015 611 1143 649 uerba
1173 606 1229 661 (u.
1261 621 1342 660 437
1368 610 1401 648 L
1431 621 1486 659 30
1505 610 1567 658 M)

558 709 642 736 non
671 697 883 747 ergastilus
907 707 1010 734 unus

87 784 229 834 quibus
260 783 459 833 significat
486 789 614 833 poeta
642 783 754 833 quod
777 782 925 820 Graeci
954 778 1161 820 ἀδουλίαν
1181 785 1345 818 uocant.
1377 777 1564 828 (Aristot.

86 852 198 902 polit.
229 852 250 892 ζ
292 864 331 901 p.
370 857 501 900 1323a
533 850 569 890 6.
610 850 751 889 Herm.
797 850 820 889 l.
852 850 876 888 l.
915 860 976 894 12,
1014 848 1090 896 18).
1154 846 1272 895 Quae
1315 847 1452 885 omnia
1484 860 1565 898 quo

87 919 232 956 rectius
278 918 564 967 intellegantur
607 918 750 955 audias
781 917 970 954 Teletem
1015 929 1082 966 ap.
1116 916 1231 954 Stob⁴
1271 916 1384 954 floril.
1416 925 1483 964 97,
1514 926 1560 963 31

85 983 326 1036 (σύγκρισις
361 982 513 1035 πενίας
550 982 619 1024 καὶ
647 981 873 1033 πλούτου);
919 981 1027 1024 Τότε
1063 981 1140 1034 μὲν
1173 980 1256 1034 γὰρ
1293 980 1336 1024 ἐξ
1375 979 1566 1031 ἀνάγκης

85 1049 172 1092 ἔδει
208 1050 406 1100 ὑπόδημα
441 1049 554 1100 ἔχειν
597 1049 666 1090 καὶ
710 1051 842 1091 ταῦτο
885 1047 1123 1090 ἀκάττυτον
1160 1047 1292 1099 ἥλους
1331 1047 1418 1092 οὐκ
1448 1047 1562 1098 ἔχον,

86 1116 178 1159 εἶτα
209 1116 398 1169 χλανίδα,
429 1116 595 1158 παίδων
612 1110 880 1168 ἀκολουθίαν,
911 1115 1049 1158 οἰκίαν
1079 1115 1269 1168 μεγάλην
1300 1113 1361 1165 εἰς
1391 1114 1442 1156 τὸ
1462 1114 1562 1156 σύν-

85 1187 271 1236 δειπνον,
300 1182 417 1234 ὅπως
448 1182 569 1234 ἄρτοι
599 1183 790 1235 καθαροί,
822 1182 935 1234 ὄψον
968 1184 1021 1235 μὴ
1053 1184 1103 1224 τὸ
1126 1183 1270 1234 τυχόν,
1302 1181 1424 1233 οἶνος
1455 1181 1560 1232 ἡδύς

86 1266 121 1294 e.
153 1267 190 1304 q.
221 1264 273 1300 S.;
305 1266 410 1304 quae
441 1253 606 1304 quidem
646 1254 702 1291 ad
738 1253 908 1292 diuitem
948 1253 1085 1292 omnia
1123 1253 1341 1303 pertinent.
1405 1249 1564 1293 Κατάλ-

85 1321 207 1369 ληλοι
235 1319 317 1370 γὰρ
346 1320 494 1370 πένητι
525 1318 565 1361 οἱ
597 1318 835 1371 ῥυπαροίῐ),
866 1319 1061 1373 πλουσίῳ
1092 1320 1140 1360 δὲ
1169 1318 1209 1360 οἱ
1239 1320 1463 1369 παντελῶς
1492 1332 1564 1360 κα-

85 1385 209 1437 θαροί
248 1395 295 1426 ut
325 1389 522 1428 Artemid.
555 1388 575 1426 I
606 1387 658 1437 69
697 1388 883 1438 explicat.
945 1388 1070 1426 Porro
1110 1388 1142 1425 si
1172 1388 1339 1438 quidem
1368 1388 1444 1426 illis
1473 1401 1564 1426 uer-

85 1455 193 1493 sibus
238 1456 290 1493 de
319 1461 563 1506 paupertate
605 1456 736 1505 agitur
768 1456 822 1493 de
861 1468 940 1506 qua
979 1467 1106 1506 saepe
1149 1455 1293 1493 dicitur
1323 1452 1562 1506 ἀναγκάζει,

85 1519 268 1573 βιάζεται
296 1521 427 1573 (Stob.
459 1523 571 1562 floril.
604 1533 671 1572 95,
701 1533 761 1563 11.
794 1522 860 1572 96,
887 1522 969 1572 22),
997 1523 1224 1573 accipiendi
1252 1529 1364 1562 certo
1396 1529 1490 1562 sunt
1518 1529 1563 1561 ut

86 1590 196 1628 locus
228 1590 451 1628 communis
482 1591 595 1641 quod
624 1591 878 1629 accusatiuus
906 1591 1034 1629 uerbo
1064 1592 1191 1640 coegit
1215 1592 1399 1629 obiectus
1430 1591 1561 1629 nullus

85 1664 166 1701 est,
211 1670 344 1708 neque
380 1658 596 1709 quicquam
639 1658 869 1696 eiciendum
907 1659 984 1696 sed
1018 1671 1104 1696 non
1139 1658 1235 1696 nihil
1274 1659 1561 1708 corrigendum

85 1737 177 1763 esse
209 1726 390 1764 arbitror.
449 1726 583 1763 Antea
611 1738 709 1763 uero
740 1738 890 1763 moneo
920 1731 1089 1775 poetam
1118 1737 1270 1775 panem
1300 1725 1409 1763 illum
1437 1726 1560 1763 uilem

83 1792 380 1842 significantem
409 1794 467 1830 uti
488 1792 614 1843 figura
644 1804 766 1844 quam
794 1791 842 1833 ἓν
871 1790 941 1832 διὰ
971 1792 1091 1833 δυοῖν
1123 1793 1262 1830 dicunt
1282 1794 1558 1844 grammatici:

83 1861 236 1897 etenim
271 1861 397 1898 uerba
413 1859 540 1912 farre
581 1873 733 1898 aceroso
764 1866 807 1898 et
836 1862 1043 1898 decumano
1075 1866 1182 1909 pane
1227 1862 1282 1898 ad
1318 1862 1430 1898 idem
1468 1873 1560 1911 per-

82 1927 225 1966 tinent.
288 1927 474 1977 Quorum
516 1933 698 1967 extrema
741 1934 786 1967 ut
814 1940 979 1979 prorsus
1019 1928 1232 1978 intellegas
1262 1929 1375 1979 legas
1407 1928 1559 1967 Athen.

82 1995 143 2033 III
171 2008 211 2045 p.
248 2006 325 2033 110
354 1996 413 2035 D:
459 1993 645 2036 Πλάτων
683 1994 730 2035 δὲ
760 1993 785 2035 ὁ
815 1994 1138 2048 κωμῳδιοποιὸς
1174 1994 1221 2036 ἑν
1253 1994 1381 2035 Νυκτὶ
1420 1997 1560 2048 μακρᾷ

69 2061 185 2114 ’τοὺς
216 2060 471 2113 μεγάλους
502 2059 660 2114 ἄρτους
690 2060 758 2103 καὶ
789 2060 1007 2114 ῥυπαροὺς
1028 2061 1235 2113 Κιλικίους
1256 2060 1458 2114 ὀνομάζει
1489 2061 1560 2104 διὰ

80 2129 247 2171 τούτων

488 2196 586 2253 Κᾷθ’
616 2195 718 2250 ἧκεν
749 2195 908 2250 ἄρτους
935 2196 1172 2251 πριάμενος

192 2275 246 2327 μὴ
277 2278 365 2318 τῶν
395 2277 739 2329 καθαρύλλων
769 2276 881 2319 ἀλλὰ
911 2277 1174 2329 μεγάλους
1207 2277 1424 2328 Κιλικίους.

80 2343 167 2383 Iam
210 2357 396 2384 escarum
439 2347 669 2385 nominibus
716 2347 820 2397 aptis
863 2347 1057 2385 restitutis
1101 2347 1161 2384 sic
1204 2347 1328 2384 uelim
1371 2347 1448 2385 hos
1492 2359 1557 2384 uu.

81 2424 308 2462 scnpsens:

193 2503 298 2541 quae
328 2492 478 2541 gallam
508 2493 648 2531 bibere
678 2499 720 2531 et
746 2504 866 2542 rugas
897 2494 1130 2531 conducere
1160 2494 1313 2531 uentris

192 2558 296 2597 farre
328 2572 512 2606 acer080‚
545 2561 658 2607 oleis,
688 2562 916 2600 decumano
946 2573 1068 2611 pane,
1101 2562 1263 2599 cumino

193 2627 303 2676 cogit

217 2833 243 2878 ¹)
270 2835 325 2869 Sc.
354 2834 471 2878 ἄρτοι.
