1894 3403
925 206 976 258 67

327 336 450 374 Hunc
479 347 614 386 neque
643 335 732 373 dira
764 346 926 371 uenena
953 344 1031 370 nec
1060 330 1246 369 hosticus
1279 327 1438 365 auferet
1472 324 1595 369 ensis,

328 417 404 443 nec
429 405 599 443 laterum
630 404 746 442 dolor
776 408 847 441 aut
876 401 1011 446 tussis,
1044 411 1123 437 nec
1154 398 1272 436 tarda
1302 395 1503 447 podagra,

326 473 507 522 garrulus
538 473 643 510 hunc
674 471 839 522 quando
870 473 1083 508 consumet
1115 476 1302 516 cumque.

217 540 335 579 Conf.
367 541 574 579 Semonid.
609 553 673 590 ap.
706 539 819 577 Stob.
850 538 936 576 flor.
965 536 1032 586 98,
1070 537 1117 574 16
1152 534 1294 572 Sotad.
1327 532 1337 568 l
1382 532 1405 568 l.
1437 542 1474 579 9,
1506 527 1687 577 inprimis

216 608 385 647 Lucian.
431 609 515 646 Iou.
559 614 661 658 trag
696 617 746 655 25
786 603 943 645 ΖΕΥΣ.
982 601 1173 652 Παίζεις,
1214 597 1248 640 ὦ
1279 596 1499 640 Πόσειδον
1551 593 1577 644 ἢ
1625 605 1691 634 τε-

216 677 317 718 λεον
361 675 607 726 ἐπιλέλησαι
646 673 707 726 ὡς
738 672 867 715 οὐδὲν
913 671 981 723 ἐφ’
1027 668 1126 721 ἡμῖν
1170 669 1259 709 τῶν
1304 664 1512 708 τοιούτων
1556 660 1687 711 ἐστίν,

218 742 310 785 ἀλλ’
343 757 384 785 αι
416 745 558 794 μοῖραι
597 741 765 796 ἑκάστῳ
808 739 1104 789 ἐπικλώθουσι,
1151 736 1227 777 τὸν
1272 735 1346 786 μὲν
1376 733 1581 786 κεραυνῷ,
1615 729 1692 771 τὸν

219 811 267 852 δὲ
297 812 465 865 πυρετῷ
501 808 526 859 ἢ
571 808 686 863 φθόῃ
718 807 962 850 ἀποθανεῖν.
1023 806 1236 843 Postremo
1285 803 1400 853 quod
1444 811 1567 850 supra
1609 798 1692 836 dixi

219 885 387 929 poetam
427 879 514 916 sine
545 879 670 916 dubio
708 878 879 915 multum
919 877 960 913 in
990 874 1094 924 Lupi
1134 884 1288 910 nomen
1317 870 1460 908 lusisse
1499 869 1541 905 in
1583 866 1692 903 hunc

219 959 381 985 uersum
420 951 559 996 aperte
589 946 710 985 eadit.
770 945 909 994 Lupus
942 944 1051 980 enim
1083 941 1204 991 piscis
1236 939 1311 976 fuit
1343 936 1483 975 Lucilii
1504 941 1691 983 tempore

220 1015 492 1053 nobilissimus
536 1020 577 1052 et
614 1014 816 1064 pretiosus
848 1020 890 1050 et
920 1010 1105 1061 grandis:
1171 1020 1292 1059 quem
1323 1018 1413 1043 cum
1456 1002 1635 1041 clamitet
1665 1013 1689 1037 a

220 1083 364 1121 uilibus
394 1088 436 1120 et
465 1082 615 1132 pusillis
645 1081 827 1130 saperdis
857 1079 988 1117 occidi
1019 1077 1159 1127 lepide
1191 1074 1358 1123 ancipiti
1392 1070 1691 1121 significatione

220 1151 436 1189 uerborum
470 1149 635 1186 iocafur.
