1894 3403
904 183 1032 223 33'

194 296 321 335 dubio
351 298 589 336 recordatus
620 297 689 348 qui
719 302 782 335 est
816 296 942 336 Poen.
975 297 995 334 I
1032 307 1066 342 1,
1107 306 1168 341 10,
1206 296 1275 334 ubi
1304 308 1449 336 seruus
1479 298 1673 347 plagosus

194 364 348 403 facete:

308 432 428 471 Nunc
458 434 555 471 mihi
584 433 845 472 blandidicus
876 445 935 477 es,
966 433 1052 470 heri
1076 433 1117 470 in
1148 438 1263 482 tergo
1294 445 1388 471 meo

307 502 381 538 tris
410 501 529 539 facile
560 502 679 540 corios
708 501 933 546 contriuisti
963 501 1152 540 bubulos

192 568 231 607 h.
262 581 300 606 e.
320 569 409 606 vtria
439 569 599 619 tergina
629 569 919 618 consumpsisti
951 569 1182 608 caedendo.

326 702 480 742 Uersus
518 703 609 742 illos
645 703 808 750 multos,
834 703 985 757 vquibus
1016 704 1339 754 paratragoedat
1366 708 1506 754 poeta,
1552 707 1669 741 ante-

192 772 317 810 cessit
347 772 579 810 exhortatio
602 772 901 810 interlocutoris
932 773 1153 812 eiusmodi:
1185 769 1285 810 ‘non
1316 773 1496 811 animum
1526 771 1668 821 populi

193 839 339 889 capitis
369 844 521 889 poetae
551 835 709 891 (XXVI
739 850 765 888 4
795 839 839 877 M
870 839 948 889 853
981 839 1014 878 L
1047 850 1124 890 575
1156 840 1189 878 L
1218 850 1273 889 34
1303 838 1364 890 M)

302 907 380 945 nisi
409 912 600 957 portenta
630 908 859 957 anguisque
880 908 1054 945 uolucris
1086 920 1134 945 ac
1166 908 1358 957 pinnatos
1390 906 1577 945 scribitis.

192 974 273 1022 Qui
302 988 341 1013 u.
381 975 468 1013 sine
499 975 626 1013 dubio
657 975 713 1012 ad
742 975 920 1013 Medeae
959 972 1081 1025 (conf.
1112 974 1227 1014 Uarr.
1265 980 1341 1013 sat.
1379 973 1459 1022 284
1491 974 1541 1022 B)
1572 985 1663 1010 cur-

189 1055 278 1081 rum
302 1040 550 1092 δρακόντων
571 1042 799 1092 πτερωτῶν
830 1039 1013 1094 (hypoth.
1030 1044 1165 1093 Eurip.
1187 1040 1314 1094 Med.)
1345 1043 1535 1092 pertinet,
1566 1054 1662 1079 nam

190 1111 429 1162 Triptolemi
459 1111 595 1149 fabula
625 1111 822 1163 Romanis
852 1123 996 1161 parum
1027 1116 1125 1149 nota
1156 1111 1320 1149 uidetur
1340 1116 1466 1160 atque
1493 1109 1662 1148 Pacuuii

188 1179 360 1217 Medum
388 1180 524 1230 potius
568 1191 691 1229 quam
719 1179 841 1216 Ennii
883 1184 955 1217 aut
988 1179 1101 1217 Accii
1129 1179 1324 1217 Medeam
1369 1178 1483 1229 tangi
1513 1178 1593 1216 hoc
1623 1189 1662 1216 u.

189 1246 360 1285 arbitror
388 1252 604 1296 propterea
635 1247 746 1296 quod
777 1246 814 1283 in
839 1245 1007 1285 Pacuuii
1042 1246 1180 1284 fabula
1210 1246 1277 1284 illa
1298 1246 1479 1284 Medeae
1500 1256 1662 1296 angues

189 1313 305 1351 alites
334 1314 508 1351 maxime
549 1315 705 1351 animos
738 1314 946 1352 hominum
976 1315 1117 1353 Lucilii
1160 1321 1344 1364 tempore
1384 1314 1565 1351 mouisse
1603 1313 1664 1349 ui-

191 1380 337 1418 demus
367 1393 417 1418 ex
448 1380 531 1420 Cic.
564 1382 617 1418 de
647 1393 731 1431 rep.
761 1381 818 1419 111
854 1392 915 1430 14,
959 1383 1027 1420 ubi
1058 1382 1214 1421 Philus:
1265 1378 1404 1420 ‘Nunc
1449 1386 1588 1419 autem
1629 1380 1662 1417 si

189 1447 278 1496 quis
308 1448 376 1485 illo
408 1447 641 1486 Pacuuiano
672 1449 871 1486 inuehens
906 1450 1045 1487 alitum
1076 1450 1268 1498 anguium
1302 1461 1417 1486 curru
1439 1449 1589 1486 multas
1620 1452 1663 1484 et

189 1514 322 1551 uarias
351 1516 485 1564 gentis
525 1521 566 1552 et
595 1516 714 1553 urbes
744 1516 958 1565 despicere
1003 1522 1047 1554 et
1090 1517 1218 1554 oculis
1253 1517 1492 1554 collustrare
1518 1516 1662 1565 possit,

188 1581 330 1619 uideat
359 1579 544 1631 primum'
579 1596 615 1620 e.
632 1594 669 1632 q.
687 1594 719 1621 s.
749 1582 814 1619 De
835 1583 1044 1621 sententia
1066 1583 1173 1622 conf.
1191 1584 1313 1622 Arist.
1344 1589 1455 1632 poet.
1488 1594 1577 1632 cap.
1601 1593 1662 1629 14.

325 1733 449 1771 Libro
469 1734 640 1779 *XXVII
671 1746 738 1774 uu.
771 1733 867 1784 659.
898 1734 980 1772 660
1009 1735 1043 1773 L
1079 1745 1138 1774 12.
1176 1745 1221 1783 13
1254 1734 1298 1772 M

303 1801 438 1840 Cocus
467 1814 550 1840 non
581 1809 697 1841 curat
717 1804 853 1841 cauda
882 1804 1083 1852 insignem
1109 1814 1201 1841 esse
1232 1802 1355 1841 ullam
1368 1800 1411 1850 ¹),
1444 1802 1542 1840 dum
1571 1801 1661 1851 pin-

1326 1871 1416 1920 guis
1448 1857 1545 1909 siet:

300 1937 366 1976 Sic
397 1938 516 1976 amici
544 1945 746 1988 quaerunt
774 1940 966 1986 animum,
996 1951 1081 1977 rem
1110 1938 1277 1988 parasiti
1304 1950 1353 1976 ac
1387 1937 1524 1976 ditias,

186 2004 255 2041 Ad
297 2005 475 2042 eandem
507 2006 856 2054 comparationem
896 2006 1061 2055 parasiti
1101 2017 1193 2042 cum
1231 2005 1364 2042 amico
1409 2005 1542 2042 refero
1573 2005 1660 2042 libri

185 2071 343 2109 XXVII
374 2083 412 2111 u.
446 2070 526 2120 624
557 2072 590 2110 L
622 2082 673 2121 35
704 2072 749 2111 M
780 2073 848 2110 ubi
879 2073 1004 2113 codd.

296 2140 368 2177 Ille
399 2145 541 2178 contra
571 2141 707 2179 omnia
735 2141 841 2178 inter
859 2142 994 2191 plures
1016 2140 1167 2178 sensim
1199 2145 1241 2178 et
1261 2140 1530 2189 pedetemtim
1561 2139 1658 2177 foris

296 2219 349 2245 ne
380 2220 502 2258 quem
534 2208 673 2246 laedat

184 2273 266 2312 Ubi
297 2276 395 2325 quid
423 2276 475 2313 sit
505 2280 638 2313 contra
669 2277 807 2321 omnia,
842 2288 927 2314 non
955 2277 1098 2315 uideo:
1146 2280 1278 2313 contra
1308 2276 1551 2313 aduerbium
1583 2288 1658 2325 po-

186 2342 263 2380 tius
296 2348 371 2388 est,
403 2344 515 2393 quod
543 2343 722 2393 pertinat
752 2344 807 2380 ad
838 2343 918 2382 ille.
977 2342 1121 2392 Itaque
1152 2343 1278 2380 omnia
1299 2349 1535 2393 corruptum
1568 2348 1654 2382 est:

185 2410 304 2449 deest
334 2416 548 2461 praeterea
577 2412 747 2449 uerbum
778 2411 916 2449 eundi.
976 2410 1080 2448 Puto
1110 2410 1310 2448 Lucilium
1337 2411 1571 2461 scripsisse:

298 2479 364 2516 ille
386 2485 530 2518 contra
550 2479 673 2517 homo
703 2480 824 2518 intrat
844 2479 981 2529 plures
1006 2478 1157 2516 sensim
1179 2484 1220 2516 et
1240 2478 1540 2529 pedetemptim
1562 2477 1658 2515 foris

294 2559 347 2584 ne
376 2559 497 2597 quem
525 2548 666 2585 laedat
1499 2597 1502 2601 .

185 2620 225 2652 et
255 2616 458 2666 respicere
488 2615 660 2654 Diodori
690 2615 835 2654 comici
865 2615 923 2666 (3,
942 2624 1021 2664 543
1052 2611 1196 2664 Mein.)
1226 2626 1367 2652 uersus
1397 2614 1451 2652 de
1477 2614 1658 2664 parasito

185 2685 227 2736 (5
258 2687 366 2739 sqq.)
396 2700 447 2726 ex
479 2688 667 2739 Epiclero
699 2688 855 2727 fabula:

318 2805 344 2848 ¹)
370 2806 466 2839 Corr.
497 2807 667 2839 Ribbeck
693 2806 779 2839 haec
804 2806 913 2838 uerba
939 2806 975 2837 in
1003 2807 1096 2838 Mus.
1121 2805 1241 2838 Rhen.
1268 2806 1408 2838 XXIX
1433 2817 1466 2849 p.
1499 2813 1574 2847 123.

1369 2874 1387 2907 3
