1894 3403
941 251 993 291 39

341 363 480 415 ἔρωτα
510 364 634 406 παύει
662 363 799 416 λιμός,
830 363 865 405 εἰ
896 364 943 405 δὲ
974 362 1041 414 μή,
1072 361 1249 414 χρόνος·

342 431 418 473 ἐὰν
448 432 495 473 δὲ
526 433 631 483 μηδὲ
660 434 796 473 ταῦτα
825 431 902 482 τὴν
932 430 1079 483 φλόγα
1110 429 1258 484 σβέσῃ,

341 497 547 551 θεράπειά
576 509 648 542 σοι
678 499 728 541 τὸ
759 498 909 541 λοιπὸν
938 497 1140 550 ἠρτήσθω
1171 496 1338 550 βρόχος.

231 570 445 608 Seruatum
478 577 541 608 est
580 571 660 609 hoc
690 570 960 618 fragmentum
1006 567 1075 618 (17
1113 565 1263 618 Bergk)
1298 568 1340 605 in
1376 568 1423 607 A.
1459 567 1502 607 P.
1534 568 1591 605 IX
1622 577 1703 616 497

230 638 364 677 Laert.
396 638 452 675 VI
483 638 547 687 86,
589 639 701 688 apud
742 638 909 675 Suidam
949 650 979 677 s.
1018 649 1056 676 u.
1090 632 1272 686 Κράτης,
1312 635 1703 685 paroemiographos

230 706 347 743 alias:
379 706 484 745 conf.
517 705 735 755 Bergkium
764 711 875 755 poet.
919 706 988 755 lyr.
1021 705 1076 743 ad
1106 704 1143 744 h.
1175 704 1199 741 l.
1231 703 1410 741 Lucilius
1448 703 1525 740 illis
1565 703 1702 741 uerbis

229 773 462 824 philosophi
492 774 738 811 sententiam
770 774 943 811 deridet.

365 972 473 1010 Libri
505 971 681 1010 XXVIII
710 985 748 1011 u.
783 970 862 1020 673
898 970 932 1008 L
969 970 1089 1020 19<M
1120 970 1384 1019 manuscripti
1414 969 1519 1009 libri:

343 1040 472 1077 Lucili
502 1040 535 1076 si
564 1040 606 1076 in
634 1051 772 1076 amore
802 1039 974 1076 inritarit
1004 1049 1079 1075 suo

230 1108 276 1146 L.
309 1119 411 1145 corr.
446 1106 644 1144 Lucilium
675 1107 715 1143 si
742 1118 894 1151 amore,
926 1105 1070 1143 Dousa
1101 1106 1281 1144 Lucilius
1316 1105 1354 1142 si
1377 1117 1530 1149 amore,
1561 1116 1703 1153 pamm

229 1174 491 1225 probabiliter
519 1185 655 1224 neque
690 1174 732 1211 in
762 1174 913 1211 tradita
951 1184 1035 1210 non
1065 1173 1268 1210 uiolenter
1302 1172 1589 1210 consulentes:
1630 1183 1701 1209 ne-

230 1255 309 1293 que
340 1243 448 1280 enim
479 1255 561 1293 quo
604 1243 731 1280 modo
769 1242 913 1292 aliquis
953 1253 1091 1279 amore
1134 1241 1198 1279 uel
1242 1241 1282 1278 in
1327 1252 1466 1278 amore
1511 1240 1700 1285 irritetur,

228 1316 368 1361 potest
396 1311 577 1361 cogitari.
636 1311 791 1348 Littera
821 1323 904 1348 una
932 1315 1090 1348 mutata
1120 1315 1232 1347 recte
1264 1310 1456 1347 dicuntur
1484 1309 1586 1348 haec

341 1378 485 1421 Lucili,
515 1378 549 1415 si
578 1390 644 1415 me
673 1389 786 1415 more
816 1378 986 1415 inritarit
1015 1389 1090 1414 suo

233 1446 427 1483 Inrz'tarz's
457 1449 519 1483 tuo
566 1457 659 1484 cum
687 1445 884 1483 Muellero
927 1456 1011 1482 non
1057 1444 1187 1482 ausim
1217 1444 1407 1490 scribere,
1453 1444 1486 1481 si
1533 1443 1701 1494 quidem

230 1513 370 1550 Lucili
394 1514 611 1562 genetiuus
641 1514 748 1550 bene
779 1525 871 1550 esse
904 1518 1055 1561 potest.

362 1709 487 1745 Libro
520 1708 695 1745 XXVIII
727 1721 766 1746 u.
800 1718 878 1757 702
910 1708 944 1745 L
977 1718 1029 1754 24
1053 1708 1096 1745 M

342 1776 468 1815 uitam
498 1788 547 1814 ac
577 1776 760 1814 fortunas
791 1776 854 1815 cui
884 1775 1209 1814 concrediderim
1239 1788 1364 1815 meas.

231 1845 486 1881 Sententiam
530 1844 699 1892 suppleo
759 1856 809 1879 ex
854 1843 1073 1879 Menandri
1116 1843 1300 1879 uersibus
1344 1839 1403 1892 (4,
1437 1853 1518 1890 240
1546 1840 1702 1893 Mein),

232 1910 337 1948 sieut
368 1910 463 1948 artis
486 1910 679 1960 antiquae
709 1910 825 1960 periti
847 1909 1078 1960 sculpturae
1103 1909 1265 1948 deletae
1288 1908 1517 1960 fragmenta
1549 1920 1694 1958 recog-

230 1984 407 2017 noscunt
438 1979 630 2016 similibus
661 1978 955 2028 exemplaribas
982 1978 1113 2015 minus
1145 1989 1250 2027 quae
1280 1983 1471 2027 corrupta
1499 1983 1595 2015 sunt
1617 1977 1701 2014 col-

228 2047 339 2085 latis:
373 2052 466 2083 sunt
496 2058 594 2083 uero
625 2046 684 2084 hi:

340 2110 420 2152 οὐκ
450 2110 496 2151 ἑκ
525 2109 669 2151 πότων
696 2109 764 2151 καὶ
794 2111 870 2160 τῆς
900 2107 992 2150 καθ’
1021 2107 1184 2160 ἡμέραν
1216 2111 1384 2160 τρυφῆς

339 2179 559 2229 ζητοῦμεν,
589 2177 623 2228 ᾧ
652 2176 1010 2227 πιστεύσομεν
1038 2175 1102 2216 τὰ
1132 2177 1223 2216 τοῦ
1254 2175 1379 2227 βίου,

340 2244 486 2298 πάτερ,
519 2243 570 2287 οὗ
600 2243 797 2296 περιττὸν
828 2242 930 2285 οἴετ’
962 2242 1233 2295 ἐξευρηκέναι

341 2313 505 2363 ἀγαθὸν
536 2312 732 2363 ἕκαστος,
765 2311 817 2353 ἂν
848 2311 923 2365 ἔχῃ
955 2311 1083 2362 φίλου
1112 2310 1249 2351 σκίαν.

227 2384 372 2433 Agitur
403 2383 524 2433 igitur
556 2383 596 2419 in
629 2394 666 2421 u.
697 2381 764 2418 illo
790 2381 932 2418 Lucilii
949 2381 1002 2418 de
1022 2380 1245 2418 amicorum
1263 2380 1585 2429 comparatione.

362 2529 472 2567 Libri
502 2527 637 2566 XXIX
657 2540 695 2566 u,
727 2536 803 2575 745
835 2526 868 2563 L
910 2535 961 2573 24
991 2525 1035 2562 M
1066 2525 1232 2562 codices
1264 2537 1409 2562 omnes
1444 2523 1568 2572 (Non.
1600 2537 1630 2563 s,
1662 2537 1700 2562 u.

227 2598 461 2647 coniungere
490 2609 528 2647 p.
562 2595 633 2645 36)

340 2676 463 2714 quam
493 2664 589 2701 mihi
620 2668 817 2713 quantum
847 2668 912 2699 est
941 2662 1046 2698 inter
1076 2661 1299 2698 humanum
1329 2672 1461 2709 genus

339 2744 553 2782 rerumque
583 2733 688 2770 inter
719 2743 764 2768 se
796 2731 1020 2779 coniungat
1052 2728 1325 2767 communicat

228 2814 320 2839 eum
352 2801 517 2838 tradant
547 2800 864 2849 corruptissima,
899 2799 1087 2848 grauiore
1126 2798 1333 2835 medicina
1373 2798 1428 2835 ad
1457 2797 1557 2834 uitia
1586 2797 1698 2834 inue-

228 2874 360 2906 terata
390 2869 572 2905 curanda
603 2879 706 2917 opus
737 2878 829 2904 esse
861 2871 1042 2916 apparet.
1109 2864 1328 2915 Coniungat
1368 2870 1479 2902 recte
1516 2865 1697 2903 codices,
